@article{Aamodt:2011mr,
      author         = "Aamodt, K. and others",
      title          = "{Two-pion Bose-Einstein correlations in central Pb-Pb
                        collisions at $\sqrt{{s}_{NN}} =$ 2.76 TeV}",
      collaboration  = "ALICE",
      journal        = "Phys. Lett. B",
      volume         = "696",
      year           = "2011",
      pages          = "328-337",
      doi            = "10.1016/j.physletb.2010.12.053",
      eprint         = "1012.4035",
      archivePrefix  = "arXiv",
      primaryClass   = "nucl-ex",
      reportNumber   = "CERN-PH-EP-ALICE-2010-006",
      SLACcitation   = "%%CITATION = ARXIV:1012.4035;%%"
}

@article{Adamczyk:2013dal,
      author         = "Adamczyk, L. and others",
      title          = "{Energy Dependence of Moments of Net-proton Multiplicity
                        Distributions at RHIC}",
      collaboration  = "STAR",
      journal        = "Phys. Rev. Lett.",
      volume         = "112",
      year           = "2014",
      pages          = "032302",
      doi            = "10.1103/PhysRevLett.112.032302",
      eprint         = "1309.5681",
      archivePrefix  = "arXiv",
      primaryClass   = "nucl-ex",
      SLACcitation   = "%%CITATION = ARXIV:1309.5681;%%"
}

@article{Adamczyk:2013gv,
      author         = "Adamczyk, L. and others",
      title          = "{Observation of an Energy-Dependent Difference in
                        Elliptic Flow between Particles and Antiparticles in
                        Relativistic Heavy Ion Collisions}",
      collaboration  = "STAR",
      journal        = "Phys. Rev. Lett.",
      volume         = "110",
      year           = "2013",
      number         = "14",
      pages          = "142301",
      doi            = "10.1103/PhysRevLett.110.142301",
      eprint         = "1301.2347",
      archivePrefix  = "arXiv",
      primaryClass   = "nucl-ex",
      SLACcitation   = "%%CITATION = ARXIV:1301.2347;%%"
}

@article{Adams:2005dq,
      author         = "Adams, John and others",
      title          = "{Experimental and theoretical challenges in the search
                        for the quark gluon plasma: The STAR Collaboration's
                        critical assessment of the evidence from RHIC collisions}",
      collaboration  = "STAR",
      journal        = "Nucl. Phys. A",
      volume         = "757",
      year           = "2005",
      pages          = "102-183",
      doi            = "10.1016/j.nuclphysa.2005.03.085",
      eprint         = "nucl-ex/0501009",
      archivePrefix  = "arXiv",
      primaryClass   = "nucl-ex",
      SLACcitation   = "%%CITATION = NUCL-EX/0501009;%%"
}

@article{Adcox:2004mh,
      author         = "Adcox, K. and others",
      title          = "{Formation of dense partonic matter in relativistic
                        nucleus-nucleus collisions at RHIC: Experimental
                        evaluation by the PHENIX collaboration}",
      collaboration  = "PHENIX",
      journal        = "Nucl. Phys. A",
      volume         = "757",
      year           = "2005",
      pages          = "184-283",
      doi            = "10.1016/j.nuclphysa.2005.03.086",
      eprint         = "nucl-ex/0410003",
      archivePrefix  = "arXiv",
      primaryClass   = "nucl-ex",
      SLACcitation   = "%%CITATION = NUCL-EX/0410003;%%"
}

@article{Agakishiev:2011eq,
      author         = "Agakishiev, G. and others",
      title          = "{Energy and system-size dependence of two- and
                        four-particle $v_2$ measurements in heavy-ion collisions
                        at RHIC and their implications on flow fluctuations and
                        nonflow}",
      collaboration  = "STAR",
      journal        = "Phys. Rev. C",
      volume         = "86",
      year           = "2012",
      pages          = "014904",
      doi            = "10.1103/PhysRevC.86.014904",
      eprint         = "1111.5637",
      archivePrefix  = "arXiv",
      primaryClass   = "nucl-ex",
      SLACcitation   = "%%CITATION = ARXIV:1111.5637;%%"
}

@article{Agakishiev:2011vf,
      author         = "Agakishiev, G. and others",
      title          = "{Dielectron production in Ar+KCl collisions at 1.76A
                        GeV}",
      collaboration  = "HADES",
      journal        = "Phys. Rev. C",
      volume         = "84",
      year           = "2011",
      pages          = "014902",
      doi            = "10.1103/PhysRevC.84.014902",
      eprint         = "1103.0876",
      archivePrefix  = "arXiv",
      primaryClass   = "nucl-ex",
      SLACcitation   = "%%CITATION = ARXIV:1103.0876;%%"
}

@article{Agakishiev:2014wqa,
      author         = "Agakishiev, G. and others",
      title          = "{Baryon resonance production and dielectron decays in
                        proton-proton collisions at 3.5 GeV}",
      journal        = "Eur. Phys. J. A",
      volume         = "50",
      year           = "2014",
      pages          = "82",
      doi            = "10.1140/epja/i2014-14082-1",
      eprint         = "1403.3054",
      archivePrefix  = "arXiv",
      primaryClass   = "nucl-ex",
      SLACcitation   = "%%CITATION = ARXIV:1403.3054;%%"
}

@article{Agashe:2014kda,
      author         = "Olive, K. A. and others",
      title          = "{Review of Particle Physics}",
      collaboration  = "Particle Data Group",
      journal        = "Chin. Phys. C",
      volume         = "38",
      year           = "2014",
      pages          = "090001",
      doi            = "10.1088/1674-1137/38/9/090001",
      SLACcitation   = "%%CITATION = CHPHD,C38,090001;%%"
}

@article{Aggarwal:1998vs,
      author         = "Aggarwal, M. M. and others",
      title          = "{Recent results on Pb + Pb collisions at 158-A-GeV from
                        the WA98 experiment at CERN}",
      booktitle      = "{Ultrarelativistic nucleus nucleus collisions.
                        Proceedings, 48th Yamada Conference, 13th International
                        Conference, Quark Matter '97, Tsukuba, Japan, December
                        1-5, 1997}",
      collaboration  = "WA98",
      journal        = "Nucl. Phys. A",
      volume         = "638",
      year           = "1998",
      pages          = "147-158",
      doi            = "10.1016/S0375-9474(98)00409-6",
      SLACcitation   = "%%CITATION = NUPHA,A638,147;%%"
}

@article{Aguiar:2000hw,
      author         = "Aguiar, C. E. and Kodama, T. and Osada, T. and Hama,
                        Yogiro",
      title          = "{Smoothed particle hydrodynamics for relativistic heavy
                        ion collisions}",
      journal        = "J. Phys. G",
      volume         = "27",
      year           = "2001",
      pages          = "75-94",
      doi            = "10.1088/0954-3899/27/1/306",
      eprint         = "hep-ph/0006239",
      archivePrefix  = "arXiv",
      primaryClass   = "hep-ph",
      SLACcitation   = "%%CITATION = HEP-PH/0006239;%%"
}

@article{Ahle:1999va,
      author         = "Ahle, L. and others",
      title          = "{Centrality dependence of kaon yields in Si + A and Au +
                        Au collisions at the AGS}",
      collaboration  = "E-802, E-866",
      journal        = "Phys. Rev. C",
      volume         = "60",
      year           = "1999",
      pages          = "044904",
      doi            = "10.1103/PhysRevC.60.044904",
      eprint         = "nucl-ex/9903009",
      archivePrefix  = "arXiv",
      primaryClass   = "nucl-ex",
      SLACcitation   = "%%CITATION = NUCL-EX/9903009;%%"
}

@article{Ahle:2000wq,
      author         = "Ahle, L. and others",
      title          = "{An Excitation function of K- and K+ production in Au +
                        Au reactions at the AGS}",
      collaboration  = "E917, E866",
      journal        = "Phys. Lett. B",
      volume         = "490",
      year           = "2000",
      pages          = "53-60",
      doi            = "10.1016/S0370-2693(00)00916-3",
      eprint         = "nucl-ex/0008010",
      archivePrefix  = "arXiv",
      primaryClass   = "nucl-ex",
      SLACcitation   = "%%CITATION = NUCL-EX/0008010;%%"
}

@article{Aichelin:1986wa,
      author         = "Aichelin, J. and Stoecker, Horst",
      title          = "{Quantum molecular dynamics. A Novel approach to N body
                        correlations in heavy ion collisions}",
      journal        = "Phys. Lett. B",
      volume         = "176",
      year           = "1986",
      pages          = "14-19",
      doi            = "10.1016/0370-2693(86)90916-0",
      SLACcitation   = "%%CITATION = PHLTA,B176,14;%%"
}

@article{Akkelin:2008eh,
      author         = "Akkelin, S. V. and Hama, Yogiro and Karpenko, Iu. A. and
                        Sinyukov, {\relax Yu}. M.",
      title          = "{Hydro-kinetic approach to relativistic heavy ion
                        collisions}",
      journal        = "Phys. Rev. C",
      volume         = "78",
      year           = "2008",
      pages          = "034906",
      doi            = "10.1103/PhysRevC.78.034906",
      eprint         = "0804.4104",
      archivePrefix  = "arXiv",
      primaryClass   = "nucl-th",
      SLACcitation   = "%%CITATION = ARXIV:0804.4104;%%"
}

@article{Albacete:2011fw,
      author         = "Albacete, Javier L. and Dumitru, Adrian and Nara,
                        Yasushi",
      title          = "{CGC initial conditions at RHIC and LHC}",
      booktitle      = "{Proceedings, 27th Winter Workshop on Nuclear Physics
                        (WWND 2011: Winter Park, USA, February 6-13. 2011}",
      journal        = "J. Phys. Conf. Ser.",
      volume         = "316",
      year           = "2011",
      pages          = "012011",
      doi            = "10.1088/1742-6596/316/1/012011",
      eprint         = "1106.0978",
      archivePrefix  = "arXiv",
      primaryClass   = "nucl-th",
      SLACcitation   = "%%CITATION = ARXIV:1106.0978;%%"
}

@article{Alekseeva:1982uy,
      author         = "Alekseeva, E. A. and Kartamyshev, A. A. and Makarin, V.
                        K. and Mukhin, K. N. and Patarakin, O. O. and Sulkovskaya,
                        M. M. and Sustavov, A. F. and Surkova, L. V. and
                        Chernysheva, L. A.",
      title          = "{Use of $\pi p \to \pi\pi N$ reactions to study $\pi\pi$
                         scattering in the elastic interaction region}",
      journal        = "Sov. Phys. JETP",
      volume         = "55",
      year           = "1982",
      pages          = "591-600",
      note           = "[Zh. Eksp. Teor. Fiz.82,1007(1982)]",
      SLACcitation   = "%%CITATION = SPHJA,55,591;%%"
}

@article{Alford:1998mk,
      author         = "Alford, Mark G. and Rajagopal, Krishna and Wilczek,
                        Frank",
      title          = "{Color flavor locking and chiral symmetry breaking in
                        high density QCD}",
      journal        = "Nucl. Phys. B",
      volume         = "537",
      year           = "1999",
      pages          = "443-458",
      doi            = "10.1016/S0550-3213(98)00668-3",
      eprint         = "hep-ph/9804403",
      archivePrefix  = "arXiv",
      primaryClass   = "hep-ph",
      reportNumber   = "IASSNS-HEP-98-29, MIT-CTP-2731",
      SLACcitation   = "%%CITATION = HEP-PH/9804403;%%"
}

@article{Alford:2013aca,
      author         = "Alford, Mark G. and Han, Sophia and Prakash, Madappa",
      title          = "{Generic conditions for stable hybrid stars}",
      journal        = "Phys. Rev. D",
      volume         = "88",
      year           = "2013",
      number         = "8",
      pages          = "083013",
      doi            = "10.1103/PhysRevD.88.083013",
      eprint         = "1302.4732",
      archivePrefix  = "arXiv",
      primaryClass   = "astro-ph.SR",
      SLACcitation   = "%%CITATION = ARXIV:1302.4732;%%"
}

@article{Alonso:1982md,
      author         = "Alonso, J. R. and Avery, R. T. and Elioff, T. and Force,
                        R. J. and Grunder, H. A. and Lancaster, H. D. and
                        Meneghetti, J. R. and Selph, F. B. and Stevenson, R. R.
                        and Yourd, R. B.",
      title          = "{Acceleration of uranium at the Bevalac}",
      journal        = "Science",
      volume         = "217",
      year           = "1982",
      pages          = "1135-1137",
      doi            = "10.1126/science.217.4565.1135",
      SLACcitation   = "%%CITATION = SCIEA,217,1135;%%"
}

@article{Alver:2010ck,
      author         = "Alver, B. and others",
      title          = "{Phobos results on charged particle multiplicity and
                        pseudorapidity distributions in Au+Au, Cu+Cu, d+Au, and
                        p+p collisions at ultra-relativistic energies}",
      collaboration  = "PHOBOS",
      journal        = "Phys. Rev. C",
      volume         = "83",
      year           = "2011",
      pages          = "024913",
      doi            = "10.1103/PhysRevC.83.024913",
      eprint         = "1011.1940",
      archivePrefix  = "arXiv",
      primaryClass   = "nucl-ex",
      SLACcitation   = "%%CITATION = ARXIV:1011.1940;%%"
}

@article{Alvioli:2009ab,
      author         = "Alvioli, M. and Drescher, H. -J. and Strikman, M.",
      title          = "{A Monte Carlo generator of nucleon configurations in
                        complex nuclei including Nucleon-Nucleon correlations}",
      journal        = "Phys. Lett. B",
      volume         = "680",
      year           = "2009",
      pages          = "225-230",
      doi            = "10.1016/j.physletb.2009.08.067",
      eprint         = "0905.2670",
      archivePrefix  = "arXiv",
      primaryClass   = "nucl-th",
      SLACcitation   = "%%CITATION = ARXIV:0905.2670;%%"
}

@article{Anderlik:1998cb,
      author         = "Anderlik, C. and Lazar, Z. I. and Magas, V. K. and
                        Csernai, L. P. and Stoecker, Horst and Greiner, W.",
      title          = "{Nonideal particle distributions from kinetic freezeout
                        models}",
      journal        = "Phys. Rev. C",
      volume         = "59",
      year           = "1999",
      pages          = "388-394",
      doi            = "10.1103/PhysRevC.59.388",
      eprint         = "nucl-th/9808024",
      archivePrefix  = "arXiv",
      primaryClass   = "nucl-th",
      SLACcitation   = "%%CITATION = NUCL-TH/9808024;%%"
}

@article{Anderlik:1998et,
      author         = "Anderlik, C. and Csernai, L. P. and Grassi, F. and
                        Greiner, W. and Hama, Yogiro and Kodama, T. and Lazar, Z.
                        I. and Magas, V. K. and Stoecker, Horst",
      title          = "{Freezeout in hydrodynamical models}",
      journal        = "Phys. Rev. C",
      volume         = "59",
      year           = "1999",
      pages          = "3309-3316",
      doi            = "10.1103/PhysRevC.59.3309",
      eprint         = "nucl-th/9806004",
      archivePrefix  = "arXiv",
      primaryClass   = "nucl-th",
      reportNumber   = "IFUSP-P-1310",
      SLACcitation   = "%%CITATION = NUCL-TH/9806004;%%"
}

@article{Andersson:1983ia,
      author         = "Andersson, Bo and Gustafson, G. and Ingelman, G. and
                        Sjostrand, T.",
      title          = "{Parton Fragmentation and String Dynamics}",
      journal        = "Phys. Rept.",
      volume         = "97",
      year           = "1983",
      pages          = "31-145",
      doi            = "10.1016/0370-1573(83)90080-7",
      reportNumber   = "LU-TP-83-10",
      SLACcitation   = "%%CITATION = PRPLC,97,31;%%"
}

@article{Andrade:2005tx,
      author         = "Andrade, R. and Grassi, F. and Hama, Yogiro and Kodama,
                        T. and Socolowski, Jr., O. and Tavares, B.",
      title          = "{Nexspherio results on elliptic flow at RHIC and
                        connection with thermalization}",
      booktitle      = "{Workshop on Quark-Gluon-Plasma Thermalization (QGPTH05)
                        Vienna, Austria, August 10-12, 2005}",
      journal        = "Eur. Phys. J. A",
      volume         = "29",
      year           = "2006",
      pages          = "23-26",
      doi            = "10.1140/epja/i2005-10292-x",
      eprint         = "nucl-th/0511021",
      archivePrefix  = "arXiv",
      primaryClass   = "nucl-th",
      SLACcitation   = "%%CITATION = NUCL-TH/0511021;%%"
}

@article{Andronic:2000cx,
      author         = "Andronic, A. and others",
      title          = "{Transition from in-plane to out-of-plane azimuthal
                        enhancement in Au + Au collisions}",
      collaboration  = "FOPI",
      journal        = "Nucl. Phys. A",
      volume         = "679",
      year           = "2001",
      pages          = "765-792",
      doi            = "10.1016/S0375-9474(00)00377-8",
      eprint         = "nucl-ex/0008007",
      archivePrefix  = "arXiv",
      primaryClass   = "nucl-ex",
      SLACcitation   = "%%CITATION = NUCL-EX/0008007;%%"
}

@article{Andronic:2003zv,
      author         = "Andronic, A. and Braun-Munzinger, P. and Redlich, K. and
                        Stachel, J.",
      title          = "{Statistical hadronization of charm in heavy ion
                        collisions at SPS, RHIC and LHC}",
      journal        = "Phys. Lett. B",
      volume         = "571",
      year           = "2003",
      pages          = "36-44",
      doi            = "10.1016/j.physletb.2003.07.066",
      eprint         = "nucl-th/0303036",
      archivePrefix  = "arXiv",
      primaryClass   = "nucl-th",
      SLACcitation   = "%%CITATION = NUCL-TH/0303036;%%"
}

@article{Andronic:2005yp,
      author         = "Andronic, A. and Braun-Munzinger, P. and Stachel, J.",
      title          = "{Hadron production in central nucleus-nucleus collisions
                        at chemical freeze-out}",
      journal        = "Nucl. Phys. A",
      volume         = "772",
      year           = "2006",
      pages          = "167-199",
      doi            = "10.1016/j.nuclphysa.2006.03.012",
      eprint         = "nucl-th/0511071",
      archivePrefix  = "arXiv",
      primaryClass   = "nucl-th",
      SLACcitation   = "%%CITATION = NUCL-TH/0511071;%%"
}

@article{Andronic:2008ev,
      author         = "Andronic, A. and Beutler, F. and Braun-Munzinger, P. and
                        Redlich, K. and Stachel, J.",
      title          = "{Thermal description of hadron production in e+e-
                        collisions revisited}",
      journal        = "Phys. Lett. B",
      volume         = "675",
      year           = "2009",
      pages          = "312-318",
      doi            = "10.1016/j.physletb.2009.04.024",
      eprint         = "0804.4132",
      archivePrefix  = "arXiv",
      primaryClass   = "hep-ph",
      SLACcitation   = "%%CITATION = ARXIV:0804.4132;%%"
}

@article{Andronic:2008gu,
      author         = "Andronic, A. and Braun-Munzinger, P. and Stachel, J.",
      title          = "{Thermal hadron production in relativistic nuclear
                        collisions: The Hadron mass spectrum, the horn, and the
                        QCD phase transition}",
      journal        = "Phys. Lett. B",
      volume         = "673",
      year           = "2009",
      pages          = "142-145",
      doi            = "10.1016/j.physletb.2009.02.014,
                        10.1016/j.physletb.2009.06.021",
      note           = "[Erratum: Phys. Lett.B678,516(2009)]",
      eprint         = "0812.1186",
      archivePrefix  = "arXiv",
      primaryClass   = "nucl-th",
      SLACcitation   = "%%CITATION = ARXIV:0812.1186;%%"
}

@article{Andronic:2011yq,
      author         = "Andronic, A. and Braun-Munzinger, P. and Redlich, K. and
                        Stachel, J.",
      title          = "{The thermal model on the verge of the ultimate test:
                        particle production in Pb-Pb collisions at the LHC}",
      booktitle      = "{Quark matter. Proceedings, 22nd International Conference
                        on Ultra-Relativistic Nucleus-Nucleus Collisions, Quark
                        Matter 2011, Annecy, France, May 23-28, 2011}",
      journal        = "J. Phys. G",
      volume         = "38",
      year           = "2011",
      pages          = "124081",
      doi            = "10.1088/0954-3899/38/12/124081",
      eprint         = "1106.6321",
      archivePrefix  = "arXiv",
      primaryClass   = "nucl-th",
      SLACcitation   = "%%CITATION = ARXIV:1106.6321;%%"
}

@article{Antoniadis:2013pzd,
      author         = "Antoniadis, John and others",
      title          = "{A Massive Pulsar in a Compact Relativistic Binary}",
      journal        = "Science",
      volume         = "340",
      year           = "2013",
      pages          = "6131",
      doi            = "10.1126/science.1233232",
      eprint         = "1304.6875",
      archivePrefix  = "arXiv",
      primaryClass   = "astro-ph.HE",
      SLACcitation   = "%%CITATION = ARXIV:1304.6875;%%"
}

@article{Antoniou:2002xq,
      author         = "Antoniou, N. G. and Kapoyannis, A. S.",
      title          = "{Bootstraping the QCD critical point}",
      journal        = "Phys. Lett. B",
      volume         = "563",
      year           = "2003",
      pages          = "165-172",
      doi            = "10.1016/S0370-2693(03)00654-3",
      eprint         = "hep-ph/0211392",
      archivePrefix  = "arXiv",
      primaryClass   = "hep-ph",
      reportNumber   = "UA-NPPS-7-02",
      SLACcitation   = "%%CITATION = HEP-PH/0211392;%%"
}

@article{Aoki:2006br,
      author         = "Aoki, Y. and Fodor, Z. and Katz, S. D. and Szabo, K. K.",
      title          = "{The QCD transition temperature: Results with physical
                        masses in the continuum limit}",
      journal        = "Phys. Lett. B",
      volume         = "643",
      year           = "2006",
      pages          = "46-54",
      doi            = "10.1016/j.physletb.2006.10.021",
      eprint         = "hep-lat/0609068",
      archivePrefix  = "arXiv",
      primaryClass   = "hep-lat",
      SLACcitation   = "%%CITATION = HEP-LAT/0609068;%%"
}

@article{Arefeva:2016lcz,
      author         = "Aref'eva, Irina",
      title          = "{Multiplicity and theremalization time in heavy-ions
                        collisions}",
      booktitle      = "{Proceedings, 19th International Seminar on High Energy
                        Physics (Quarks 2016): Pushkin, Russia, May 29-June 4,
                        2016}",
      journal        = "EPJ Web Conf.",
      volume         = "125",
      year           = "2016",
      pages          = "01007",
      doi            = "10.1051/epjconf/201612501007",
      SLACcitation   = "%%CITATION = 00776,125,01007;%%"
}

@article{Armesto:2015ioy,
      author         = "Armesto, N. and Scomparin, E.",
      title          = "{Heavy-ion collisions at the Large Hadron Collider: a
                        review of the results from Run 1}",
      journal        = "Eur. Phys. J. Plus",
      volume         = "131",
      year           = "2016",
      number         = "3",
      pages          = "52",
      doi            = "10.1140/epjp/i2016-16052-4",
      eprint         = "1511.02151",
      archivePrefix  = "arXiv",
      primaryClass   = "nucl-ex",
      SLACcitation   = "%%CITATION = ARXIV:1511.02151;%%"
}

@article{Arnold:2004ti,
      author         = "Arnold, Peter Brockway and Lenaghan, Jonathan and Moore,
                        Guy D. and Yaffe, Laurence G.",
      title          = "{Apparent thermalization due to plasma instabilities in
                        quark-gluon plasma}",
      journal        = "Phys. Rev. Lett.",
      volume         = "94",
      year           = "2005",
      pages          = "072302",
      doi            = "10.1103/PhysRevLett.94.072302",
      eprint         = "nucl-th/0409068",
      archivePrefix  = "arXiv",
      primaryClass   = "nucl-th",
      SLACcitation   = "%%CITATION = NUCL-TH/0409068;%%"
}

@article{Arsene:2004fa,
      author         = "Arsene, I. and others",
      title          = "{Quark gluon plasma and color glass condensate at RHIC?
                        The Perspective from the BRAHMS experiment}",
      collaboration  = "BRAHMS",
      journal        = "Nucl. Phys. A",
      volume         = "757",
      year           = "2005",
      pages          = "1-27",
      doi            = "10.1016/j.nuclphysa.2005.02.130",
      eprint         = "nucl-ex/0410020",
      archivePrefix  = "arXiv",
      primaryClass   = "nucl-ex",
      SLACcitation   = "%%CITATION = NUCL-EX/0410020;%%"
}

@article{Auvinen:2013sba,
      author         = "Auvinen, Jussi and Petersen, Hannah",
      title          = "{Evolution of elliptic and triangular flow as a function
                        of $\sqrt{{s}_{NN}}$ in a hybrid model}",
      journal        = "Phys. Rev. C",
      volume         = "88",
      year           = "2013",
      number         = "6",
      pages          = "064908",
      doi            = "10.1103/PhysRevC.88.064908",
      eprint         = "1310.1764",
      archivePrefix  = "arXiv",
      primaryClass   = "nucl-th",
      SLACcitation   = "%%CITATION = ARXIV:1310.1764;%%"
}

@article{Auvinen:2016uuv,
      author         = "Auvinen, Jussi and Redlich, Krzysztof and Bass, Steffen
                        A.",
      title          = "{Multi-strange hadrons and the precision extraction of
                        QGP properties in the RHIC-BES domain}",
      booktitle      = "{Proceedings, 16th International Conference on
                        Strangeness in Quark Matter (SQM 2016): Berkeley,
                        California, United States}",
      journal        = "J. Phys. Conf. Ser.",
      volume         = "779",
      year           = "2017",
      number         = "1",
      pages          = "012045",
      doi            = "10.1088/1742-6596/779/1/012045",
      eprint         = "1610.00589",
      archivePrefix  = "arXiv",
      primaryClass   = "nucl-th",
      SLACcitation   = "%%CITATION = ARXIV:1610.00589;%%"
}

@article{Bachler:1999hu,
      author         = "Bachler, J. and others",
      title          = "{Hadron production in nuclear collisions from the NA49
                        experiment at 158-GeV/c/A}",
      booktitle      = "{Quark matter '99. Proceedings, 14th International
                        Conference on ultrarelativistic nucleus nucleus
                        collisions, QM'99, Torino, Italy, May 10-15, 1999}",
      collaboration  = "NA49",
      journal        = "Nucl. Phys. A",
      volume         = "661",
      year           = "1999",
      pages          = "45-54",
      doi            = "10.1016/S0375-9474(99)85007-6",
      SLACcitation   = "%%CITATION = NUPHA,A661,45;%%"
}

@article{Back:2004je,
      author         = "Back, B. B. and others",
      title          = "{The PHOBOS perspective on discoveries at RHIC}",
      journal        = "Nucl. Phys. A",
      volume         = "757",
      year           = "2005",
      pages          = "28-101",
      doi            = "10.1016/j.nuclphysa.2005.03.084",
      eprint         = "nucl-ex/0410022",
      archivePrefix  = "arXiv",
      primaryClass   = "nucl-ex",
      SLACcitation   = "%%CITATION = NUCL-EX/0410022;%%"
}

@article{Bacon:1967zz,
      author         = "Bacon, T. C. and Bomse, F. M. and Cochran, T. B. and
                        Fickinger, W. J. and Goza, E. R. and Hopkins, H. W. K. and
                        Salant, E. O.",
      title          = "{Comparison of Isobar Production in pp and pn
                        Interactions at 2.8 GeV/c}",
      journal        = "Phys. Rev.",
      volume         = "162",
      year           = "1967",
      pages          = "1320-1322",
      doi            = "10.1103/PhysRev.162.1320",
      SLACcitation   = "%%CITATION = PHRVA,162,1320;%%"
}

@article{Barale:1975bb,
      author         = "Barale, J. and et al.",
      title          = "{Performance of the Bevalac}",
      booktitle      = "{6th National Particle Accelerator Conference (PAC 75)
                        Washington, D.C., March 12-14, 1975}",
      journal        = "IEEE Trans. Nucl. Sci.",
      volume         = "22",
      year           = "1975",
      pages          = "1672-1674",
      doi            = "10.1109/TNS.1975.4327963",
      reportNumber   = "LBL-3366",
      SLACcitation   = "%%CITATION = IETNA,22,1672;%%"
}

@article{Barrette:1995cv,
      author         = "Barrette, J. and others",
      title          = "{Directed flow and particle production in Au + Au
                        collisions from experiment E877 at the AGS}",
      booktitle      = "{Quark matter '95. Proceedings, 11th International
                        Conference on Ultrarelativistic Nucleus-Nucleus
                        Collisions, Monterey, USA, January 9-13, 1995}",
      collaboration  = "E877",
      journal        = "Nucl. Phys. A",
      volume         = "590",
      year           = "1995",
      pages          = "259C-270C",
      doi            = "10.1016/0375-9474(95)00240-2",
      SLACcitation   = "%%CITATION = NUPHA,A590,259C;%%"
}

@article{Barrette:1996rs,
      author         = "Barrette, J. and others",
      title          = "{Energy and charged particle flow in a 10.8-A/GeV/c Au +
                        Au collisions}",
      collaboration  = "E877",
      journal        = "Phys. Rev. C",
      volume         = "55",
      year           = "1997",
      pages          = "1420-1430",
      doi            = "10.1103/PhysRevC.55.1420, 10.1103/PhysRevC.56.2336",
      note           = "[Erratum: Phys. Rev.C56,2336(1997)]",
      eprint         = "nucl-ex/9610006",
      archivePrefix  = "arXiv",
      primaryClass   = "nucl-ex",
      SLACcitation   = "%%CITATION = NUCL-EX/9610006;%%"
}

@article{Bashir:2012fs,
      author         = "Bashir, Adnan and Chang, Lei and Cloet, Ian C. and
                        El-Bennich, Bruno and Liu, Yu-Xin and Roberts, Craig D.
                        and Tandy, Peter C.",
      title          = "{Collective perspective on advances in Dyson-Schwinger
                        Equation QCD}",
      journal        = "Commun. Theor. Phys.",
      volume         = "58",
      year           = "2012",
      pages          = "79-134",
      doi            = "10.1088/0253-6102/58/1/16",
      eprint         = "1201.3366",
      archivePrefix  = "arXiv",
      primaryClass   = "nucl-th",
      SLACcitation   = "%%CITATION = ARXIV:1201.3366;%%"
}

@article{Bass:1998ca,
      author         = "Bass, S. A. and others",
      title          = "{Microscopic models for ultrarelativistic heavy ion
                        collisions}",
      journal        = "Prog. Part. Nucl. Phys.",
      volume         = "41",
      year           = "1998",
      pages          = "255-369",
      doi            = "10.1016/S0146-6410(98)00058-1",
      note           = "[Prog. Part. Nucl. Phys.41,225(1998)]",
      eprint         = "nucl-th/9803035",
      archivePrefix  = "arXiv",
      primaryClass   = "nucl-th",
      SLACcitation   = "%%CITATION = NUCL-TH/9803035;%%"
}

@article{Bass:2000ib,
      author         = "Bass, S. A. and Dumitru, A.",
      title          = "{Dynamics of hot bulk QCD matter: From the quark gluon
                        plasma to hadronic freezeout}",
      journal        = "Phys. Rev. C",
      volume         = "61",
      year           = "2000",
      pages          = "064909",
      doi            = "10.1103/PhysRevC.61.064909",
      eprint         = "nucl-th/0001033",
      archivePrefix  = "arXiv",
      primaryClass   = "nucl-th",
      SLACcitation   = "%%CITATION = NUCL-TH/0001033;%%"
}

@article{Bazavov:2011nk,
      author         = "Bazavov, A. and others",
      title          = "{The chiral and deconfinement aspects of the QCD
                        transition}",
      journal        = "Phys. Rev. D",
      volume         = "85",
      year           = "2012",
      pages          = "054503",
      doi            = "10.1103/PhysRevD.85.054503",
      eprint         = "1111.1710",
      archivePrefix  = "arXiv",
      primaryClass   = "hep-lat",
      SLACcitation   = "%%CITATION = ARXIV:1111.1710;%%"
}

@article{Bazavov:2014pvz,
      author         = "Bazavov, A. and others",
      title          = "{Equation of state in ( 2+1 )-flavor QCD}",
      collaboration  = "HotQCD",
      journal        = "Phys. Rev. D",
      volume         = "90",
      year           = "2014",
      pages          = "094503",
      doi            = "10.1103/PhysRevD.90.094503",
      eprint         = "1407.6387",
      archivePrefix  = "arXiv",
      primaryClass   = "hep-lat",
      reportNumber   = "BNL-105928-2014-JA",
      SLACcitation   = "%%CITATION = ARXIV:1407.6387;%%"
}

@article{Gross:1980br,
      author         = "Gross, David J. and Pisarski, Robert D. and Yaffe,
                        Laurence G.",
      title          = "{QCD and Instantons at Finite Temperature}",
      journal        = "Rev. Mod. Phys.",
      volume         = "53",
      year           = "1981",
      pages          = "43",
      doi            = "10.1103/RevModPhys.53.43",
      reportNumber   = "PRINT-80-0538 (PRINCETON)",
      SLACcitation   = "%%CITATION = RMPHA,53,43;%%"
}

@article{Bazavov:2017dus,
      author         = "Bazavov, A. and others",
      title          = "{The QCD Equation of State to $\mathcal{O}(\mu_B^6)$ from
                        Lattice QCD}",
      journal        = "Phys. Rev. D",
      volume         = "95",
      year           = "2017",
      number         = "5",
      pages          = "054504",
      doi            = "10.1103/PhysRevD.95.054504",
      eprint         = "1701.04325",
      archivePrefix  = "arXiv",
      primaryClass   = "hep-lat",
      SLACcitation   = "%%CITATION = ARXIV:1701.04325;%%"
}

@article{Bazow:2013ifa,
      author         = "Bazow, Dennis and Heinz, Ulrich W. and Strickland,
                        Michael",
      title          = "{Second-order (2+1)-dimensional anisotropic
                        hydrodynamics}",
      journal        = "Phys. Rev. C",
      volume         = "90",
      year           = "2014",
      number         = "5",
      pages          = "054910",
      doi            = "10.1103/PhysRevC.90.054910",
      eprint         = "1311.6720",
      archivePrefix  = "arXiv",
      primaryClass   = "nucl-th",
      SLACcitation   = "%%CITATION = ARXIV:1311.6720;%%"
}

@article{Becattini:2000jw,
      author         = "Becattini, F. and Cleymans, J. and Keranen, A. and
                        Suhonen, E and Redlich, K.",
      title          = "{Features of particle multiplicities and strangeness
                        production in central heavy ion collisions between
                        1.7A-GeV/c and 158A-GeV/c}",
      journal        = "Phys. Rev. C",
      volume         = "64",
      year           = "2001",
      pages          = "024901",
      doi            = "10.1103/PhysRevC.64.024901",
      eprint         = "hep-ph/0002267",
      archivePrefix  = "arXiv",
      primaryClass   = "hep-ph",
      reportNumber   = "BI-TP-00-02, DFF-349-02-2000",
      SLACcitation   = "%%CITATION = HEP-PH/0002267;%%"
}

@article{Becattini:2004rq,
      author         = "Becattini, F. and Ferroni, L.",
      title          = "{Statistical hadronization and hadronic microcanonical
                        ensemble. 2.}",
      journal        = "Eur. Phys. J. C",
      volume         = "38",
      year           = "2004",
      pages          = "225-246",
      doi            = "10.1140/epjc/s10052-010-1243-4,
                        10.1140/epjc/s2004-02027-8",
      note           = "[Erratum: Eur. Phys. J.66,341(2010)]",
      eprint         = "hep-ph/0407117",
      archivePrefix  = "arXiv",
      primaryClass   = "hep-ph",
      SLACcitation   = "%%CITATION = HEP-PH/0407117;%%"
}

@article{Begun:2006uu,
      author         = "Begun, V. V. and Gazdzicki, M. and Gorenstein, Mark I.
                        and Hauer, M. and Konchakovski, V. P. and Lungwitz, B.",
      title          = "{Multiplicity fluctuations in relativistic nuclear
                        collisions: Statistical model versus experimental data}",
      journal        = "Phys. Rev. C",
      volume         = "76",
      year           = "2007",
      pages          = "024902",
      doi            = "10.1103/PhysRevC.76.024902",
      eprint         = "nucl-th/0611075",
      archivePrefix  = "arXiv",
      primaryClass   = "nucl-th",
      SLACcitation   = "%%CITATION = NUCL-TH/0611075;%%"
}

@article{Belenkij:1956cd,
      author         = "Belenkij, S. Z. and Landau, L. D.",
      title          = "{Hydrodynamic theory of multiple production of
                        particles}",
      journal        = "Nuovo Cim. Suppl. S",
      volume         = "310",
      year           = "1956",
      pages          = "15",
      doi            = "10.1007/BF02745507",
      note           = "[Usp. Fiz. Nauk56,309(1955)]",
      SLACcitation   = "%%CITATION = NUCUA,3S10,15;%%"
}

@article{Benic:2014jia,
      author         = "Benic, Sanjin and Blaschke, David and Alvarez-Castillo,
                        David E. and Fischer, Tobias and Typel, Stefan",
      title          = "{A new quark-hadron hybrid equation of state for
                        astrophysics - I. High-mass twin compact stars}",
      journal        = "Astron. Astrophys.",
      volume         = "577",
      year           = "2015",
      pages          = "A40",
      doi            = "10.1051/0004-6361/201425318",
      eprint         = "1411.2856",
      archivePrefix  = "arXiv",
      primaryClass   = "astro-ph.HE",
      reportNumber   = "ZTF-EP-14-13",
      SLACcitation   = "%%CITATION = ARXIV:1411.2856;%%"
}

@article{Berges:1998rc,
      author         = "Berges, Juergen and Rajagopal, Krishna",
      title          = "{Color superconductivity and chiral symmetry restoration
                        at nonzero baryon density and temperature}",
      journal        = "Nucl. Phys. B",
      volume         = "538",
      year           = "1999",
      pages          = "215-232",
      doi            = "10.1016/S0550-3213(98)00620-8",
      eprint         = "hep-ph/9804233",
      archivePrefix  = "arXiv",
      primaryClass   = "hep-ph",
      reportNumber   = "MIT-CTP-2725",
      SLACcitation   = "%%CITATION = HEP-PH/9804233;%%"
}

@article{Betz:2012hv,
      author         = "Betz, Barbara",
      title          = "{Jet Quenching in Heavy-Ion Collisions - The Transition
                        Era from RHIC to LHC}",
      journal        = "Eur. Phys. J. A",
      volume         = "48",
      year           = "2012",
      pages          = "164",
      doi            = "10.1140/epja/i2012-12164-8",
      eprint         = "1211.5897",
      archivePrefix  = "arXiv",
      primaryClass   = "nucl-th",
      SLACcitation   = "%%CITATION = ARXIV:1211.5897;%%"
}

@article{Bhalerao:2015iya,
      author         = "Bhalerao, Rajeev S. and Jaiswal, Amaresh and Pal,
                        Subrata",
      title          = "{Collective flow in event-by-event partonic transport
                        plus hydrodynamics hybrid approach}",
      journal        = "Phys. Rev. C",
      volume         = "92",
      year           = "2015",
      number         = "1",
      pages          = "014903",
      doi            = "10.1103/PhysRevC.92.014903",
      eprint         = "1503.03862",
      archivePrefix  = "arXiv",
      primaryClass   = "nucl-th",
      reportNumber   = "TIFR-TH-15-07",
      SLACcitation   = "%%CITATION = ARXIV:1503.03862;%%"
}

@article{Bjorken:1982qr,
      author         = "Bjorken, J. D.",
      title          = "{Highly Relativistic Nucleus-Nucleus Collisions: The
                        Central Rapidity Region}",
      journal        = "Phys. Rev. D",
      volume         = "27",
      year           = "1983",
      pages          = "140-151",
      doi            = "10.1103/PhysRevD.27.140",
      reportNumber   = "FERMILAB-PUB-82-044-THY, FERMILAB-PUB-82-044-T",
      SLACcitation   = "%%CITATION = PHRVA,D27,140;%%"
}

@article{Bleicher:1999xi,
      author         = "Bleicher, M. and others",
      title          = "{Relativistic hadron hadron collisions in the
                        ultrarelativistic quantum molecular dynamics model}",
      journal        = "J. Phys. G",
      volume         = "25",
      year           = "1999",
      pages          = "1859-1896",
      doi            = "10.1088/0954-3899/25/9/308",
      eprint         = "hep-ph/9909407",
      archivePrefix  = "arXiv",
      primaryClass   = "hep-ph",
      SLACcitation   = "%%CITATION = HEP-PH/9909407;%%"
}

@article{Borsanyi:2010bp,
      author         = "Borsanyi, Szabolcs and Fodor, Zoltan and Hoelbling,
                        Christian and Katz, Sandor D and Krieg, Stefan and Ratti,
                        Claudia and Szabo, Kalman K.",
      title          = "{Is there still any $T_c$ mystery in lattice QCD? Results
                        with physical masses in the continuum limit III}",
      collaboration  = "Wuppertal-Budapest",
      journal        = "JHEP",
      volume         = "09",
      year           = "2010",
      pages          = "073",
      doi            = "10.1007/JHEP09(2010)073",
      eprint         = "1005.3508",
      archivePrefix  = "arXiv",
      primaryClass   = "hep-lat",
      reportNumber   = "WUB-10-11, MIT-CTP-4152",
      SLACcitation   = "%%CITATION = ARXIV:1005.3508;%%"
}

@article{Borsanyi:2013bia,
      author         = "Borsanyi, Szabocls and Fodor, Zoltan and Hoelbling,
                        Christian and Katz, Sandor D. and Krieg, Stefan and Szabo,
                        Kalman K.",
      title          = "{Full result for the QCD equation of state with 2+1
                        flavors}",
      journal        = "Phys. Lett. B",
      volume         = "730",
      year           = "2014",
      pages          = "99-104",
      doi            = "10.1016/j.physletb.2014.01.007",
      eprint         = "1309.5258",
      archivePrefix  = "arXiv",
      primaryClass   = "hep-lat",
      SLACcitation   = "%%CITATION = ARXIV:1309.5258;%%"
}

@article{Bratkovskaya:2003ny,
      author         = "Bratkovskaya, E. L. and Bleicher, M. and Cassing, W. and
                        van Leeuwen, M. and Reiter, M. and Soff, S. and Stoecker,
                        Horst and Weber, H.",
      title          = "{Strangeness dynamics in relativistic nucleus nucleus
                        collision}",
      booktitle      = "{Heavy ion reaction from nuclear to quark matter.
                        Proceedings, International School of Nuclear Physics, 25th
                        Course, Erice, Italy, September 16-24, 2003}",
      journal        = "Prog. Part. Nucl. Phys.",
      volume         = "53",
      year           = "2004",
      pages          = "225-237",
      doi            = "10.1016/j.ppnp.2004.02.015",
      eprint         = "nucl-th/0312048",
      archivePrefix  = "arXiv",
      primaryClass   = "nucl-th",
      SLACcitation   = "%%CITATION = NUCL-TH/0312048;%%"
}

@article{BraunMunzinger:1994xr,
      author         = "Braun-Munzinger, P. and Stachel, J. and Wessels, J. P.
                        and Xu, N.",
      title          = "{Thermal equilibration and expansion in nucleus-nucleus
                        collisions at the AGS}",
      journal        = "Phys. Lett. B",
      volume         = "344",
      year           = "1995",
      pages          = "43-48",
      doi            = "10.1016/0370-2693(94)01534-J",
      eprint         = "nucl-th/9410026",
      archivePrefix  = "arXiv",
      primaryClass   = "nucl-th",
      reportNumber   = "SUNY-RHI-94-11",
      SLACcitation   = "%%CITATION = NUCL-TH/9410026;%%"
}

@article{BraunMunzinger:2008tz,
      author         = "Braun-Munzinger, P. and Wambach, J.",
      title          = "{The Phase Diagram of Strongly-Interacting Matter}",
      journal        = "Rev. Mod. Phys.",
      volume         = "81",
      year           = "2009",
      pages          = "1031-1050",
      doi            = "10.1103/RevModPhys.81.1031",
      eprint         = "0801.4256",
      archivePrefix  = "arXiv",
      primaryClass   = "hep-ph",
      SLACcitation   = "%%CITATION = ARXIV:0801.4256;%%"
}

@article{Bravina:2008ra,
      author         = "Bravina, L. V. and others",
      title          = "{Microscopic models and effective equation of state in
                        nuclear collisions at FAIR energies}",
      journal        = "Phys. Rev. C",
      volume         = "78",
      year           = "2008",
      pages          = "014907",
      doi            = "10.1103/PhysRevC.78.014907",
      eprint         = "0804.1484",
      archivePrefix  = "arXiv",
      primaryClass   = "hep-ph",
      SLACcitation   = "%%CITATION = ARXIV:0804.1484;%%"
}

@article{Broniowski:2007nz,
      author         = "Broniowski, Wojciech and Rybczynski, Maciej and Bozek,
                        Piotr",
      title          = "{GLISSANDO: Glauber initial-state simulation and more..}",
      journal        = "Comput. Phys. Commun.",
      volume         = "180",
      year           = "2009",
      pages          = "69-83",
      doi            = "10.1016/j.cpc.2008.07.016",
      eprint         = "0710.5731",
      archivePrefix  = "arXiv",
      primaryClass   = "nucl-th",
      SLACcitation   = "%%CITATION = ARXIV:0710.5731;%%"
}

@article{Brown:1990pp,
      author         = "Brown, G. E.",
      title          = "{Heavy ion collisions at Bevalac energies}",
      journal        = "Comments Nucl. Part. Phys.",
      volume         = "19",
      year           = "1990",
      number         = "4",
      pages          = "185-208",
      SLACcitation   = "%%CITATION = CNPPA,19,185;%%"
}

@article{Bruno:2004pv,
      author         = "Bruno, G. E.",
      title          = "{New results from NA57 experiment}",
      booktitle      = "{Ultra-relativistic nucleus-nucleus collisions.
                        Proceedings, 17th International Conference, Quark Matter
                        2004, Oakland, USA, January 11-17, 2004}",
      collaboration  = "NA57",
      journal        = "J. Phys. G",
      volume         = "30",
      year           = "2004",
      pages          = "S717-S724",
      doi            = "10.1088/0954-3899/30/8/010",
      eprint         = "nucl-ex/0403036",
      archivePrefix  = "arXiv",
      primaryClass   = "nucl-ex",
      SLACcitation   = "%%CITATION = NUCL-EX/0403036;%%"
}

@article{Bugaev:1996zq,
      author         = "Bugaev, Kyrill A.",
      title          = "{Shock - like freezeout in relativistic hydrodynamics}",
      journal        = "Nucl. Phys. A",
      volume         = "606",
      year           = "1996",
      pages          = "559-567",
      doi            = "10.1016/0375-9474(96)00189-3",
      eprint         = "nucl-th/9906047",
      archivePrefix  = "arXiv",
      primaryClass   = "nucl-th",
      SLACcitation   = "%%CITATION = NUCL-TH/9906047;%%"
}

@article{Bugaev:1999wz,
      author         = "Bugaev, Kyrill A. and Gorenstein, Mark I.",
      title          = "{Particle freezeout in selfconsistent relativistic
                        hydrodynamics}",
      year           = "1999",
      eprint         = "nucl-th/9903072",
      archivePrefix  = "arXiv",
      primaryClass   = "nucl-th",
      SLACcitation   = "%%CITATION = NUCL-TH/9903072;%%"
}

@article{Bugaev:2002ch,
      author         = "Bugaev, K. A.",
      title          = "{Relativistic kinetic equations for finite domains and
                        freezeout problem}",
      journal        = "Phys. Rev. Lett.",
      volume         = "90",
      year           = "2003",
      pages          = "252301",
      doi            = "10.1103/PhysRevLett.90.252301",
      eprint         = "nucl-th/0210087",
      archivePrefix  = "arXiv",
      primaryClass   = "nucl-th",
      SLACcitation   = "%%CITATION = NUCL-TH/0210087;%%"
}

@article{Bugaev:2004kq,
      author         = "Bugaev, K. A.",
      title          = "{Boundary conditions of the hydro cascade model and
                        relativistic kinetic equations for finite domains}",
      journal        = "Phys. Rev. C",
      volume         = "70",
      year           = "2004",
      pages          = "034903",
      doi            = "10.1103/PhysRevC.70.034903",
      eprint         = "nucl-th/0401060",
      archivePrefix  = "arXiv",
      primaryClass   = "nucl-th",
      SLACcitation   = "%%CITATION = NUCL-TH/0401060;%%"
}

@article{Buss:2011mx,
      author         = "Buss, O. and Gaitanos, T. and Gallmeister, K. and van
                        Hees, H. and Kaskulov, M. and Lalakulich, O. and Larionov,
                        A. B. and Leitner, T. and Weil, J. and Mosel, U.",
      title          = "{Transport-theoretical Description of Nuclear Reactions}",
      journal        = "Phys. Rept.",
      volume         = "512",
      year           = "2012",
      pages          = "1-124",
      doi            = "10.1016/j.physrep.2011.12.001",
      eprint         = "1106.1344",
      archivePrefix  = "arXiv",
      primaryClass   = "hep-ph",
      SLACcitation   = "%%CITATION = ARXIV:1106.1344;%%"
}

@article{Cabibbo:1975ig,
      author         = "Cabibbo, N. and Parisi, G.",
      title          = "{Exponential Hadronic Spectrum and Quark Liberation}",
      journal        = "Phys. Lett. B",
      volume         = "59",
      year           = "1975",
      pages          = "67-69",
      doi            = "10.1016/0370-2693(75)90158-6",
      reportNumber   = "INFN-ROME-620",
      SLACcitation   = "%%CITATION = PHLTA,B59,67;%%"
}

@article{Cassing:1990dr,
      author         = "Cassing, W. and Metag, V. and Mosel, U. and Niita, K.",
      title          = "{Production of energetic particles in heavy ion
                        collisions}",
      journal        = "Phys. Rept.",
      volume         = "188",
      year           = "1990",
      pages          = "363-449",
      doi            = "10.1016/0370-1573(90)90164-W",
      SLACcitation   = "%%CITATION = PRPLC,188,363;%%"
}

@article{Cassing:2000bj,
      author         = "Cassing, W. and Bratkovskaya, E. L. and Juchem, S.",
      title          = "{Excitation functions of hadronic observables from SIS to
                        RHIC energies}",
      journal        = "Nucl. Phys. A",
      volume         = "674",
      year           = "2000",
      pages          = "249-276",
      doi            = "10.1016/S0375-9474(00)00163-9",
      eprint         = "nucl-th/0001024",
      archivePrefix  = "arXiv",
      primaryClass   = "nucl-th",
      SLACcitation   = "%%CITATION = NUCL-TH/0001024;%%"
}

@article{Cassing:2001ds,
      author         = "Cassing, W.",
      title          = "{Anti-baryon production in hot and dense nuclear matter}",
      journal        = "Nucl. Phys. A",
      volume         = "700",
      year           = "2002",
      pages          = "618-646",
      doi            = "10.1016/S0375-9474(01)01322-7",
      eprint         = "nucl-th/0105069",
      archivePrefix  = "arXiv",
      primaryClass   = "nucl-th",
      SLACcitation   = "%%CITATION = NUCL-TH/0105069;%%"
}

@article{Cassing:2008sv,
      author         = "Cassing, W. and Bratkovskaya, E. L.",
      title          = "{Parton transport and hadronization from the dynamical
                        quasiparticle point of view}",
      journal        = "Phys. Rev. C",
      volume         = "78",
      year           = "2008",
      pages          = "034919",
      doi            = "10.1103/PhysRevC.78.034919",
      eprint         = "0808.0022",
      archivePrefix  = "arXiv",
      primaryClass   = "hep-ph",
      SLACcitation   = "%%CITATION = ARXIV:0808.0022;%%"
}

@article{Cassing:2009vt,
      author         = "Cassing, W. and Bratkovskaya, E. L.",
      title          = "{Parton-Hadron-String Dynamics: an off-shell transport
                        approach for relativistic energies}",
      journal        = "Nucl. Phys. A",
      volume         = "831",
      year           = "2009",
      pages          = "215-242",
      doi            = "10.1016/j.nuclphysa.2009.09.007",
      eprint         = "0907.5331",
      archivePrefix  = "arXiv",
      primaryClass   = "nucl-th",
      SLACcitation   = "%%CITATION = ARXIV:0907.5331;%%"
}

@article{Cheng:2001dz,
      author         = "Cheng, Sen and Pratt, Scott and Csizmadia, Peter and
                        Nara, Yasushi and Molnar, Denes and Gyulassy, Miklos and
                        Vance, Stephen E. and Zhang, Bin",
      title          = "{The Effect of finite range interactions in classical
                        transport theory}",
      journal        = "Phys. Rev. C",
      volume         = "65",
      year           = "2002",
      pages          = "024901",
      doi            = "10.1103/PhysRevC.65.024901",
      eprint         = "nucl-th/0107001",
      archivePrefix  = "arXiv",
      primaryClass   = "nucl-th",
      SLACcitation   = "%%CITATION = NUCL-TH/0107001;%%"
}

@article{Chesler:2015lsa,
      author         = "Chesler, Paul M. and van der Schee, Wilke",
      title          = "{Early thermalization, hydrodynamics and energy loss in
                        AdS/CFT}",
      journal        = "Int. J. Mod. Phys. E",
      volume         = "24",
      year           = "2015",
      number         = "10",
      pages          = "1530011",
      doi            = "10.1142/S0218301315300118",
      eprint         = "1501.04952",
      archivePrefix  = "arXiv",
      primaryClass   = "nucl-th",
      reportNumber   = "MIT-CTP-4636",
      SLACcitation   = "%%CITATION = ARXIV:1501.04952;%%"
}

@article{Chojnacki:2011hb,
      author         = "Chojnacki, Mikolaj and Kisiel, Adam and Florkowski,
                        Wojciech and Broniowski, Wojciech",
      title          = "{THERMINATOR 2: THERMal heavy IoN generATOR 2}",
      journal        = "Comput. Phys. Commun.",
      volume         = "183",
      year           = "2012",
      pages          = "746-773",
      doi            = "10.1016/j.cpc.2011.11.018",
      eprint         = "1102.0273",
      archivePrefix  = "arXiv",
      primaryClass   = "nucl-th",
      SLACcitation   = "%%CITATION = ARXIV:1102.0273;%%"
}

@article{Chujo:2002bi,
      author         = "Chujo, T.",
      title          = "{Results on identified hadrons from the PHENIX experiment
                        at RHIC}",
      booktitle      = "{Proceedings, 16th International Conference on
                        Ultra-Relativistic nucleus nucleus collisions (Quark
                        Matter 2012): Nantes, France, July 18-24, 2002}",
      collaboration  = "PHENIX",
      journal        = "Nucl. Phys. A",
      volume         = "715",
      year           = "2003",
      pages          = "151-160",
      doi            = "10.1016/S0375-9474(02)01423-9",
      eprint         = "nucl-ex/0209027",
      archivePrefix  = "arXiv",
      primaryClass   = "nucl-ex",
      SLACcitation   = "%%CITATION = NUCL-EX/0209027;%%"
}

@article{Cleymans:1998yb,
      author         = "Cleymans, Jean and Oeschler, Helmut and Redlich,
                        Krzysztof",
      title          = "{Influence of impact parameter on thermal description of
                        relativistic heavy ion collisions at (1-2) A-GeV}",
      journal        = "Phys. Rev. C",
      volume         = "59",
      year           = "1999",
      pages          = "1663",
      doi            = "10.1103/PhysRevC.59.1663",
      eprint         = "nucl-th/9809027",
      archivePrefix  = "arXiv",
      primaryClass   = "nucl-th",
      SLACcitation   = "%%CITATION = NUCL-TH/9809027;%%"
}

@article{Cleymans:1999st,
      author         = "Cleymans, J. and Redlich, K.",
      title          = "{Chemical and thermal freezeout parameters from 1-A/GeV
                        to 200-A/GeV}",
      journal        = "Phys. Rev. C",
      volume         = "60",
      year           = "1999",
      pages          = "054908",
      doi            = "10.1103/PhysRevC.60.054908",
      eprint         = "nucl-th/9903063",
      archivePrefix  = "arXiv",
      primaryClass   = "nucl-th",
      reportNumber   = "BI-TP-99-19",
      SLACcitation   = "%%CITATION = NUCL-TH/9903063;%%"
}

@article{Cleymans:2005xv,
      author         = "Cleymans, J. and Oeschler, H. and Redlich, K. and
                        Wheaton, S.",
      title          = "{Comparison of chemical freeze-out criteria in heavy-ion
                        collisions}",
      journal        = "Phys. Rev. C",
      volume         = "73",
      year           = "2006",
      pages          = "034905",
      doi            = "10.1103/PhysRevC.73.034905",
      eprint         = "hep-ph/0511094",
      archivePrefix  = "arXiv",
      primaryClass   = "hep-ph",
      SLACcitation   = "%%CITATION = HEP-PH/0511094;%%"
}

@article{ColemanSmith:2012ka,
      author         = "Coleman-Smith, Christopher E. and Petersen, Hannah and
                        Wolpert, Robert L.",
      title          = "{Classification of initial state granularity via 2d
                        Fourier Expansion}",
      journal        = "J. Phys. G",
      volume         = "40",
      year           = "2013",
      pages          = "095103",
      doi            = "10.1088/0954-3899/40/9/095103",
      eprint         = "1204.5774",
      archivePrefix  = "arXiv",
      primaryClass   = "hep-ph",
      SLACcitation   = "%%CITATION = ARXIV:1204.5774;%%"
}

@article{Collins:1974ky,
      author         = "Collins, John C. and Perry, M. J.",
      title          = "{Superdense Matter: Neutrons Or Asymptotically Free
                        Quarks?}",
      journal        = "Phys. Rev. Lett.",
      volume         = "34",
      year           = "1975",
      pages          = "1353",
      doi            = "10.1103/PhysRevLett.34.1353",
      reportNumber   = "DAMTP 74/26",
      SLACcitation   = "%%CITATION = PRLTA,34,1353;%%"
}

@article{Cooper:1974mv,
      author         = "Cooper, Fred and Frye, Graham",
      title          = "{Comment on the Single Particle Distribution in the
                        Hydrodynamic and Statistical Thermodynamic Models of
                        Multiparticle Production}",
      journal        = "Phys. Rev. D",
      volume         = "10",
      year           = "1974",
      pages          = "186",
      doi            = "10.1103/PhysRevD.10.186",
      reportNumber   = "Print-74-0742 (YESHIVA)",
      SLACcitation   = "%%CITATION = PHRVA,D10,186;%%"
}

@article{Csernai:2004pr,
      author         = "Csernai, L. P. and Magas, V. K. and Molnar, E. and Nyiri,
                        A. and Tamosiunas, K.",
      title          = "{Freeze out and the Boltzmann transport equation}",
      year           = "2004",
      eprint         = "hep-ph/0406082",
      archivePrefix  = "arXiv",
      primaryClass   = "hep-ph",
      SLACcitation   = "%%CITATION = HEP-PH/0406082;%%"
}

@article{Cugnon:1996kh,
      author         = "Cugnon, J. and Vandermeulen, J. and L'Hote, D.",
      title          = "{Simple parametrization of cross-sections for nuclear
                        transport studies up to the GeV range}",
      journal        = "Nucl. Instrum. Meth. B",
      volume         = "111",
      year           = "1996",
      pages          = "215-220",
      doi            = "10.1016/0168-583X(95)01384-9",
      SLACcitation   = "%%CITATION = NUIMA,B111,215;%%"
}

@article{DAgostino:2005qpq,
      author         = "D'Agostino, M. and Bruno, M. and Gulminelli, F. and
                        Cannata, F. and Chomaz, P. and Casini, G. and Geraci, E.
                        and Gramegna, F. and Moroni, A. and Vannini, G.",
      title          = "{Nuclear liquid-gas phase transition: Experimental
                        signals}",
      booktitle      = "{Proceedings, 18th Nuclear Physics Division Conference of
                        the EPS: Phase Transitions in Strongly Interacting Matter
                        (NPDC 18): Prague, Czech Republic, August 23-29, 2004}",
      journal        = "Nucl. Phys. A",
      volume         = "749",
      year           = "2005",
      pages          = "55-64",
      doi            = "10.1016/j.nuclphysa.2004.12.008",
      SLACcitation   = "%%CITATION = NUPHA,A749,55;%%"
}

@article{Danielewicz:1991dh,
      author         = "Danielewicz, P. and Bertsch, G. F.",
      title          = "{Production of deuterons and pions in a transport model
                        of energetic heavy ion reactions}",
      journal        = "Nucl. Phys. A",
      volume         = "533",
      year           = "1991",
      pages          = "712-748",
      doi            = "10.1016/0375-9474(91)90541-D",
      reportNumber   = "MSUCL-762",
      SLACcitation   = "%%CITATION = NUPHA,A533,712;%%"
}

@article{Dashen:1969ep,
      author         = "Dashen, Roger and Ma, Shang-Keng and Bernstein, Herbert
                        J.",
      title          = "{S Matrix formulation of statistical mechanics}",
      journal        = "Phys. Rev.",
      volume         = "187",
      year           = "1969",
      pages          = "345-370",
      doi            = "10.1103/PhysRev.187.345",
      SLACcitation   = "%%CITATION = PHRVA,187,345;%%"
}

@article{Demorest:2010bx,
      author         = "Demorest, Paul and Pennucci, Tim and Ransom, Scott and
                        Roberts, Mallory and Hessels, Jason",
      title          = "{Shapiro Delay Measurement of A Two Solar Mass Neutron
                        Star}",
      journal        = "Nature",
      volume         = "467",
      year           = "2010",
      pages          = "1081-1083",
      doi            = "10.1038/nature09466",
      eprint         = "1010.5788",
      archivePrefix  = "arXiv",
      primaryClass   = "astro-ph.HE",
      SLACcitation   = "%%CITATION = ARXIV:1010.5788;%%"
}

@article{Denicol:2012cn,
      author         = "Denicol, G. S. and Niemi, H. and Molnar, E. and Rischke,
                        D. H.",
      title          = "{Derivation of transient relativistic fluid dynamics from
                        the Boltzmann equation}",
      journal        = "Phys. Rev. D",
      volume         = "85",
      year           = "2012",
      pages          = "114047",
      doi            = "10.1103/PhysRevD.85.114047, 10.1103/PhysRevD.91.039902",
      note           = "[Erratum: Phys. Rev.D91,no.3,039902(2015)]",
      eprint         = "1202.4551",
      archivePrefix  = "arXiv",
      primaryClass   = "nucl-th",
      SLACcitation   = "%%CITATION = ARXIV:1202.4551;%%"
}

@article{Dmitriev:1986st,
      author         = "Dmitriev, V. and Sushkov, O. and Gaarde, C.",
      title          = "{$\Delta$ Formation in the $^{1}$H ($^{3}$He, $^{3}$H)
                        $\Delta^{++}$ Reaction at Intermediate-energies}",
      journal        = "Nucl. Phys. A",
      volume         = "459",
      year           = "1986",
      pages          = "503-524",
      doi            = "10.1016/0375-9474(86)90158-2",
      SLACcitation   = "%%CITATION = NUPHA,A459,503;%%"
}

@article{Doss:1986eh,
      author         = "Doss, K. G. R. and others",
      title          = "{Nuclear Collective Flow as a Function of Projectile
                        Energy and Mass}",
      journal        = "Phys. Rev. Lett.",
      volume         = "57",
      year           = "1986",
      pages          = "302-305",
      doi            = "10.1103/PhysRevLett.57.302",
      SLACcitation   = "%%CITATION = PRLTA,57,302;%%"
}

@article{Drescher:2000ec,
      author         = "Drescher, H. J. and Ostapchenko, S. and Pierog, T. and
                        Werner, K.",
      title          = "{Initial condition for QGP evolution from NEXUS}",
      journal        = "Phys. Rev. C",
      volume         = "65",
      year           = "2002",
      pages          = "054902",
      doi            = "10.1103/PhysRevC.65.054902",
      eprint         = "hep-ph/0011219",
      archivePrefix  = "arXiv",
      primaryClass   = "hep-ph",
      reportNumber   = "SUBATECH-00-15",
      SLACcitation   = "%%CITATION = HEP-PH/0011219;%%"
}

@article{Drescher:2006ca,
      author         = "Drescher, H. -J. and Nara, Y.",
      title          = "{Effects of fluctuations on the initial eccentricity from
                        the Color Glass Condensate in heavy ion collisions}",
      journal        = "Phys. Rev. C",
      volume         = "75",
      year           = "2007",
      pages          = "034905",
      doi            = "10.1103/PhysRevC.75.034905",
      eprint         = "nucl-th/0611017",
      archivePrefix  = "arXiv",
      primaryClass   = "nucl-th",
      SLACcitation   = "%%CITATION = NUCL-TH/0611017;%%"
}

@article{Dusling:2007gi,
      author         = "Dusling, K. and Teaney, D.",
      title          = "{Simulating elliptic flow with viscous hydrodynamics}",
      journal        = "Phys. Rev. C",
      volume         = "77",
      year           = "2008",
      pages          = "034905",
      doi            = "10.1103/PhysRevC.77.034905",
      eprint         = "0710.5932",
      archivePrefix  = "arXiv",
      primaryClass   = "nucl-th",
      SLACcitation   = "%%CITATION = ARXIV:0710.5932;%%"
}

@article{Eckart:1940te,
      author         = "Eckart, Carl",
      title          = "{The Thermodynamics of irreversible processes. 3..
                        Relativistic theory of the simple fluid}",
      journal        = "Phys. Rev.",
      volume         = "58",
      year           = "1940",
      pages          = "919-924",
      doi            = "10.1103/PhysRev.58.919",
      SLACcitation   = "%%CITATION = PHRVA,58,919;%%"
}

@article{Endres:2014zua,
      author         = "Endres, Stephan and van Hees, Hendrik and Weil, Janus and
                        Bleicher, Marcus",
      title          = "{Coarse-graining approach for dilepton production at
                        energies available at the CERN Super Proton Synchrotron}",
      journal        = "Phys. Rev. C",
      volume         = "91",
      year           = "2015",
      number         = "5",
      pages          = "054911",
      doi            = "10.1103/PhysRevC.91.054911",
      eprint         = "1412.1965",
      archivePrefix  = "arXiv",
      primaryClass   = "nucl-th",
      SLACcitation   = "%%CITATION = ARXIV:1412.1965;%%"
}

@article{Franco:2017ano,
      author         = "Franco, C.",
      title          = "{Dilepton Results from HADES Using Au+Au Data at
                        1.23A GeV}",
      booktitle      = "{Proceedings, 14th International Conference on
                        Meson-Nucleon Physics and the Structure of the Nucleon
                        (MENU 2016): Kyoto, Japan, July 25-30, 2016}",
      journal        = "JPS Conf. Proc.",
      volume         = "13",
      year           = "2017",
      pages          = "020003",
      doi            = "10.7566/JPSCP.13.020003",
      SLACcitation   = "%%CITATION = INSPIRE-1516471;%%"
}

@article{Gaidarov:1995pm,
      author         = "Gaidarov, M. K. and Antonov, A. N. and Anagnostatos, G.
                        S. and Massen, S. E. and Stoitsov, M. V. and Hodgson, P.
                        E.",
      title          = "{Proton momentum distribution in nuclei beyond He-4}",
      journal        = "Phys. Rev. C",
      volume         = "52",
      year           = "1995",
      pages          = "3026-3031",
      doi            = "10.1103/PhysRevC.52.3026",
      eprint         = "nucl-th/9510040",
      archivePrefix  = "arXiv",
      primaryClass   = "nucl-th",
      SLACcitation   = "%%CITATION = NUCL-TH/9510040;%%"
}

@article{Gaitanos:2010fd,
      author         = "Gaitanos, T. and Larionov, A. B. and Lenske, H. and
                        Mosel, U.",
      title          = "{Breathing mode in an improved transport approach}",
      journal        = "Phys. Rev. C",
      volume         = "81",
      year           = "2010",
      pages          = "054316",
      doi            = "10.1103/PhysRevC.81.054316",
      eprint         = "1003.4863",
      archivePrefix  = "arXiv",
      primaryClass   = "nucl-th",
      SLACcitation   = "%%CITATION = ARXIV:1003.4863;%%"
}

@article{Gale:2012rq,
      author         = "Gale, Charles and Jeon, Sangyong and Schenke, Bjorn and
                        Tribedy, Prithwish and Venugopalan, Raju",
      title          = "{Event-by-event anisotropic flow in heavy-ion collisions
                        from combined Yang-Mills and viscous fluid dynamics}",
      journal        = "Phys. Rev. Lett.",
      volume         = "110",
      year           = "2013",
      number         = "1",
      pages          = "012302",
      doi            = "10.1103/PhysRevLett.110.012302",
      eprint         = "1209.6330",
      archivePrefix  = "arXiv",
      primaryClass   = "nucl-th",
      SLACcitation   = "%%CITATION = ARXIV:1209.6330;%%"
}

@article{Gardim:2011xv,
      author         = "Gardim, Fernando G. and Grassi, Frederique and Luzum,
                        Matthew and Ollitrault, Jean-Yves",
      title          = "{Mapping the hydrodynamic response to the initial
                        geometry in heavy-ion collisions}",
      journal        = "Phys. Rev. C",
      volume         = "85",
      year           = "2012",
      pages          = "024908",
      doi            = "10.1103/PhysRevC.85.024908",
      eprint         = "1111.6538",
      archivePrefix  = "arXiv",
      primaryClass   = "nucl-th",
      SLACcitation   = "%%CITATION = ARXIV:1111.6538;%%"
}

@article{Gazdzicki:2010iv,
      author         = "Gazdzicki, Marek and Gorenstein, Mark and Seyboth, Peter",
      title          = "{Onset of deconfinement in nucleus-nucleus collisions:
                        Review for pedestrians and experts}",
      journal        = "Acta Phys. Polon. B",
      volume         = "42",
      year           = "2011",
      pages          = "307-351",
      doi            = "10.5506/APhysPolB.42.307",
      eprint         = "1006.1765",
      archivePrefix  = "arXiv",
      primaryClass   = "hep-ph",
      SLACcitation   = "%%CITATION = ARXIV:1006.1765;%%"
}

@article{Gazdzicki:2011fx,
      author         = "Gazdzicki, Marek",
      title          = "{NA49/NA61: results and plans on beam energy and system
                        size scan at the CERN SPS}",
      booktitle      = "{Quark matter. Proceedings, 22nd International Conference
                        on Ultra-Relativistic Nucleus-Nucleus Collisions, Quark
                        Matter 2011, Annecy, France, May 23-28, 2011}",
      collaboration  = "NA49, NA61/SHINE",
      journal        = "J. Phys. G",
      volume         = "38",
      year           = "2011",
      pages          = "124024",
      doi            = "10.1088/0954-3899/38/12/124024",
      eprint         = "1107.2345",
      archivePrefix  = "arXiv",
      primaryClass   = "nucl-ex",
      SLACcitation   = "%%CITATION = ARXIV:1107.2345;%%"
}

@article{Geiger:1991nj,
      author         = "Geiger, Klaus and Muller, Berndt",
      title          = "{Dynamics of parton cascades in highly relativistic
                        nuclear collisions}",
      journal        = "Nucl. Phys. B",
      volume         = "369",
      year           = "1992",
      pages          = "600-654",
      doi            = "10.1016/0550-3213(92)90280-O",
      SLACcitation   = "%%CITATION = NUPHA,B369,600;%%"
}

@article{Gelis:2010nm,
      author         = "Gelis, Francois and Iancu, Edmond and Jalilian-Marian,
                        Jamal and Venugopalan, Raju",
      title          = "{The Color Glass Condensate}",
      journal        = "Ann. Rev. Nucl. Part. Sci.",
      volume         = "60",
      year           = "2010",
      pages          = "463-489",
      doi            = "10.1146/annurev.nucl.010909.083629",
      eprint         = "1002.0333",
      archivePrefix  = "arXiv",
      primaryClass   = "hep-ph",
      SLACcitation   = "%%CITATION = ARXIV:1002.0333;%%"
}

@article{Gluck:1994uf,
      author         = "Gluck, M. and Reya, E. and Vogt, A.",
      title          = "{Dynamical parton distributions of the proton and small x
                        physics}",
      journal        = "Z. Phys. C",
      volume         = "67",
      year           = "1995",
      pages          = "433-448",
      doi            = "10.1007/BF01624586",
      reportNumber   = "DO-TH-94-24, DESY-94-206",
      SLACcitation   = "%%CITATION = ZEPYA,C67,433;%%"
}

@article{Graef:2014mra,
      author         = "Graef, G. and Steinheimer, J. and Li, Feng and Bleicher,
                        Marcus",
      title          = "{Deep sub-threshold $\Xi$ and $\Lambda$ production in
                        nuclear collisions with the UrQMD transport model}",
      journal        = "Phys. Rev. C",
      volume         = "90",
      year           = "2014",
      pages          = "064909",
      doi            = "10.1103/PhysRevC.90.064909",
      eprint         = "1409.7954",
      archivePrefix  = "arXiv",
      primaryClass   = "nucl-th",
      SLACcitation   = "%%CITATION = ARXIV:1409.7954;%%"
}

@article{Gross:1998jx,
      author         = "Gross, David J.",
      title          = "{Twenty five years of asymptotic freedom}",
      booktitle      = "{QCD'98. Proceedings, 3rd Euroconference, 6th Conference,
                        Montpellier, France, July 2-8, 1998}",
      journal        = "Nucl. Phys. Proc. Suppl.",
      volume         = "74",
      year           = "1999",
      pages          = "426-446",
      doi            = "10.1016/S0920-5632(99)00208-X",
      eprint         = "hep-th/9809060",
      archivePrefix  = "arXiv",
      primaryClass   = "hep-th",
      SLACcitation   = "%%CITATION = HEP-TH/9809060;%%"
}

@article{Gustafsson:1984ka,
      author         = "Gustafsson, H. A. and others",
      title          = "{Collective Flow Observed in Relativistic Nuclear
                        Collisions}",
      journal        = "Phys. Rev. Lett.",
      volume         = "52",
      year           = "1984",
      pages          = "1590-1593",
      doi            = "10.1103/PhysRevLett.52.1590",
      SLACcitation   = "%%CITATION = PRLTA,52,1590;%%"
}

@article{Hagedorn:1965st,
      author         = "Hagedorn, R.",
      title          = "{Statistical thermodynamics of strong interactions at
                        high-energies}",
      journal        = "Nuovo Cim. Suppl.",
      volume         = "3",
      year           = "1965",
      pages          = "147-186",
      reportNumber   = "CERN-TH-520",
      SLACcitation   = "%%CITATION = NUCUA,3,147;%%"
}

@article{Hagedorn:1984uy,
      author         = "Hagedorn, R. and Redlich, K.",
      title          = "{Statistical Thermodynamics in Relativistic Particle and
                        Ion Physics: Canonical or Grand Canonical?}",
      journal        = "Z. Phys. C",
      volume         = "27",
      year           = "1985",
      pages          = "541",
      doi            = "10.1007/BF01436508",
      reportNumber   = "CERN-TH-3889",
      SLACcitation   = "%%CITATION = ZEPYA,C27,541;%%"
}

@article{Halasz:1998qr,
      author         = "Halasz, Adam Miklos and Jackson, A. D. and Shrock, R. E.
                        and Stephanov, Misha A. and Verbaarschot, J. J. M.",
      title          = "{On the phase diagram of QCD}",
      journal        = "Phys. Rev. D",
      volume         = "58",
      year           = "1998",
      pages          = "096007",
      doi            = "10.1103/PhysRevD.58.096007",
      eprint         = "hep-ph/9804290",
      archivePrefix  = "arXiv",
      primaryClass   = "hep-ph",
      SLACcitation   = "%%CITATION = HEP-PH/9804290;%%"
}

@article{Hama:2004rr,
      author         = "Hama, Yogiro and Kodama, T. and Socolowski, Jr., O.",
      title          = "{Topics on hydrodynamic model of nucleus-nucleus
                        collisions}",
      journal        = "Braz. J. Phys.",
      volume         = "35",
      year           = "2005",
      pages          = "24-51",
      doi            = "10.1590/S0103-97332005000100003",
      eprint         = "hep-ph/0407264",
      archivePrefix  = "arXiv",
      primaryClass   = "hep-ph",
      SLACcitation   = "%%CITATION = HEP-PH/0407264;%%"
}

@article{Hamieh:2000tk,
      author         = "Hamieh, Salah and Redlich, Krzysztof and Tounsi, Ahmed",
      title          = "{Canonical description of strangeness enhancement from
                        p-A to Pb Pb collisions}",
      journal        = "Phys. Lett. B",
      volume         = "486",
      year           = "2000",
      pages          = "61-66",
      doi            = "10.1016/S0370-2693(00)00762-0",
      eprint         = "hep-ph/0006024",
      archivePrefix  = "arXiv",
      primaryClass   = "hep-ph",
      SLACcitation   = "%%CITATION = HEP-PH/0006024;%%"
}

@article{Hartnack:1989sd,
      author         = "Hartnack, C. and Li, Z. X. and Neise, L. and Peilert, G.
                        and Rosenhauer, A. and Sorge, H. and Stoecker, Horst and
                        Greiner, W. and Aichelin, J.",
      title          = "{Quantum Molecular Dynamics: A Microscopic Model From
                        Unilac to {CERN} Energies}",
      booktitle      = "{NUCLEAR DYNAMICS AT MEDIUM-ENERGIES AND HIGH-ENERGIES.
                        PROCEEDINGS, INTERNATIONAL WORKSHOP, BAD HONNEF, F.R.
                        GERMANY, OCTOBER 10-14, 1988}",
      journal        = "Nucl. Phys. A",
      volume         = "495",
      year           = "1989",
      pages          = "303C-320C",
      doi            = "10.1016/0375-9474(89)90328-X",
      SLACcitation   = "%%CITATION = NUPHA,A495,303C;%%"
}

@article{Hatta:2002sj,
      author         = "Hatta, Yoshitaka and Ikeda, Takashi",
      title          = "{Universality, the QCD critical / tricritical point and
                        the quark number susceptibility}",
      journal        = "Phys. Rev. D",
      volume         = "67",
      year           = "2003",
      pages          = "014028",
      doi            = "10.1103/PhysRevD.67.014028",
      eprint         = "hep-ph/0210284",
      archivePrefix  = "arXiv",
      primaryClass   = "hep-ph",
      SLACcitation   = "%%CITATION = HEP-PH/0210284;%%"
}

@article{Heinz:2004pj,
      author         = "Heinz, Ulrich W.",
      title          = "{Thermalization at RHIC}",
      booktitle      = "{Proceedings, 9th Hadron Physics and 7th Relativistic
                        Aspects of Nuclear Physics (HADRON-RANP 2004): A Joint
                        Meeting on QCD and QGP: Rio de Janeiro, Brazil, March
                        28-April 3, 2004}",
      journal        = "AIP Conf. Proc.",
      volume         = "739",
      year           = "2005",
      pages          = "163-180",
      doi            = "10.1063/1.1843595",
      note           = "[,163(2004)]",
      eprint         = "nucl-th/0407067",
      archivePrefix  = "arXiv",
      primaryClass   = "nucl-th",
      SLACcitation   = "%%CITATION = NUCL-TH/0407067;%%"
}

@article{Heller:2011ju,
      author         = "Heller, Michal P. and Janik, Romuald A. and Witaszczyk,
                        Przemyslaw",
      title          = "{The characteristics of thermalization of boost-invariant
                        plasma from holography}",
      journal        = "Phys. Rev. Lett.",
      volume         = "108",
      year           = "2012",
      pages          = "201602",
      doi            = "10.1103/PhysRevLett.108.201602",
      eprint         = "1103.3452",
      archivePrefix  = "arXiv",
      primaryClass   = "hep-th",
      SLACcitation   = "%%CITATION = ARXIV:1103.3452;%%"
}

@article{Hirano:2002ds,
      author         = "Hirano, Tetsufumi and Tsuda, Keiichi",
      title          = "{Collective flow and two pion correlations from a
                        relativistic hydrodynamic model with early chemical
                        freezeout}",
      journal        = "Phys. Rev. C",
      volume         = "66",
      year           = "2002",
      pages          = "054905",
      doi            = "10.1103/PhysRevC.66.054905",
      eprint         = "nucl-th/0205043",
      archivePrefix  = "arXiv",
      primaryClass   = "nucl-th",
      reportNumber   = "WU-HEP-02-4",
      SLACcitation   = "%%CITATION = NUCL-TH/0205043;%%"
}

@article{Hirano:2005xf,
      author         = "Hirano, Tetsufumi and Heinz, Ulrich W. and Kharzeev,
                        Dmitri and Lacey, Roy and Nara, Yasushi",
      title          = "{Hadronic dissipative effects on elliptic flow in
                        ultrarelativistic heavy-ion collisions}",
      journal        = "Phys. Lett. B",
      volume         = "636",
      year           = "2006",
      pages          = "299-304",
      doi            = "10.1016/j.physletb.2006.03.060",
      eprint         = "nucl-th/0511046",
      archivePrefix  = "arXiv",
      primaryClass   = "nucl-th",
      SLACcitation   = "%%CITATION = NUCL-TH/0511046;%%"
}

@article{Hirano:2012kj,
      author         = "Hirano, Tetsufumi and Huovinen, Pasi and Murase, Koichi
                        and Nara, Yasushi",
      title          = "{Integrated Dynamical Approach to Relativistic Heavy Ion
                        Collisions}",
      journal        = "Prog. Part. Nucl. Phys.",
      volume         = "70",
      year           = "2013",
      pages          = "108-158",
      doi            = "10.1016/j.ppnp.2013.02.002",
      eprint         = "1204.5814",
      archivePrefix  = "arXiv",
      primaryClass   = "nucl-th",
      SLACcitation   = "%%CITATION = ARXIV:1204.5814;%%"
}

@article{Huovinen:2001cy,
      author         = "Huovinen, P. and Kolb, P. F. and Heinz, Ulrich W. and
                        Ruuskanen, P. V. and Voloshin, S. A.",
      title          = "{Radial and elliptic flow at RHIC: Further predictions}",
      journal        = "Phys. Lett. B",
      volume         = "503",
      year           = "2001",
      pages          = "58-64",
      doi            = "10.1016/S0370-2693(01)00219-2",
      eprint         = "hep-ph/0101136",
      archivePrefix  = "arXiv",
      primaryClass   = "hep-ph",
      SLACcitation   = "%%CITATION = HEP-PH/0101136;%%"
}

@article{Huovinen:2002im,
      author         = "Huovinen, P. and Belkacem, M. and Ellis, P. J. and
                        Kapusta, Joseph I.",
      title          = "{Dileptons and photons from coarse grained microscopic
                        dynamics and hydrodynamics compared to experimental data}",
      journal        = "Phys. Rev. C",
      volume         = "66",
      year           = "2002",
      pages          = "014903",
      doi            = "10.1103/PhysRevC.66.014903",
      eprint         = "nucl-th/0203023",
      archivePrefix  = "arXiv",
      primaryClass   = "nucl-th",
      reportNumber   = "NUC-MINN-02-2-T",
      SLACcitation   = "%%CITATION = NUCL-TH/0203023;%%"
}

@article{Huovinen:2006jp,
      author         = "Huovinen, P. and Ruuskanen, P. V.",
      title          = "{Hydrodynamic Models for Heavy Ion Collisions}",
      journal        = "Ann. Rev. Nucl. Part. Sci.",
      volume         = "56",
      year           = "2006",
      pages          = "163-206",
      doi            = "10.1146/annurev.nucl.54.070103.181236",
      eprint         = "nucl-th/0605008",
      archivePrefix  = "arXiv",
      primaryClass   = "nucl-th",
      SLACcitation   = "%%CITATION = NUCL-TH/0605008;%%"
}

@article{Huovinen:2009yb,
      author         = "Huovinen, Pasi and Petreczky, Pter",
      title          = "{QCD Equation of State and Hadron Resonance Gas}",
      journal        = "Nucl. Phys. A",
      volume         = "837",
      year           = "2010",
      pages          = "26-53",
      doi            = "10.1016/j.nuclphysa.2010.02.015",
      eprint         = "0912.2541",
      archivePrefix  = "arXiv",
      primaryClass   = "hep-ph",
      SLACcitation   = "%%CITATION = ARXIV:0912.2541;%%"
}

@article{Huovinen:2012is,
      author         = "Huovinen, Pasi and Petersen, Hannah",
      title          = "{Particlization in hybrid models}",
      journal        = "Eur. Phys. J. A",
      volume         = "48",
      year           = "2012",
      pages          = "171",
      doi            = "10.1140/epja/i2012-12171-9",
      eprint         = "1206.3371",
      archivePrefix  = "arXiv",
      primaryClass   = "nucl-th",
      SLACcitation   = "%%CITATION = ARXIV:1206.3371;%%"
}

@article{Israel:1979wp,
      author         = "Israel, W. and Stewart, J. M.",
      title          = "{Transient relativistic thermodynamics and kinetic
                        theory}",
      journal        = "Annals Phys.",
      volume         = "118",
      year           = "1979",
      pages          = "341-372",
      doi            = "10.1016/0003-4916(79)90130-1",
      SLACcitation   = "%%CITATION = APNYA,118,341;%%"
}

@article{Jaiswal:2015saa,
      author         = "Jaiswal, Amaresh and Koch, Volker",
      title          = "{A viscous blast-wave model for relativistic heavy-ion
                        collisions}",
      year           = "2015",
      eprint         = "1508.05878",
      archivePrefix  = "arXiv",
      primaryClass   = "nucl-th",
      SLACcitation   = "%%CITATION = ARXIV:1508.05878;%%"
}

@article{Jaminon:1986ktn,
      author         = "Jaminon, M. and Mahaux, C. and Ngô, H.",
      title          = "{Effect of correlations on the momentum distribution of
                        protons in 208 Pb}",
      journal        = "Nucl. Phys. A",
      volume         = "452",
      year           = "1986",
      pages          = "445-461",
      doi            = "10.1016/0375-9474(86)90208-3",
      SLACcitation   = "%%CITATION = NUPHA,A452,445;%%"
}

@article{Kaczmarek:2011zz,
      author         = "Kaczmarek, O. and Karsch, F. and Laermann, E. and Miao,
                        C. and Mukherjee, S. and Petreczky, P. and Schmidt, C. and
                        Soeldner, W. and Unger, W.",
      title          = "{Phase boundary for the chiral transition in (2+1)
                        -flavor QCD at small values of the chemical potential}",
      journal        = "Phys. Rev. D",
      volume         = "83",
      year           = "2011",
      pages          = "014504",
      doi            = "10.1103/PhysRevD.83.014504",
      eprint         = "1011.3130",
      archivePrefix  = "arXiv",
      primaryClass   = "hep-lat",
      SLACcitation   = "%%CITATION = ARXIV:1011.3130;%%"
}

@article{Kahana:1997aq,
      author         = "Kahana, S. H. and Kahana, D. E. and Pang, Y. and
                        Schlagel, T. J.",
      title          = "{Modeling relativistic heavy ion collisions at the AGS}",
      journal        = "Ann. Rev. Nucl. Part. Sci.",
      volume         = "46",
      year           = "1996",
      pages          = "31-70",
      doi            = "10.1146/annurev.nucl.46.1.31",
      SLACcitation   = "%%CITATION = ARNUA,46,31;%%"
}

@article{Karpenko:2012yf,
      author         = "Karpenko, Iu. A. and Sinyukov, {\relax Yu}. M. and
                        Werner, K.",
      title          = "{Uniform description of bulk observables in the
                        hydrokinetic model of $A+A$ collisions at the BNL
                        Relativistic Heavy Ion Collider and the CERN Large Hadron
                        Collider}",
      journal        = "Phys. Rev. C",
      volume         = "87",
      year           = "2013",
      number         = "2",
      pages          = "024914",
      doi            = "10.1103/PhysRevC.87.024914",
      eprint         = "1204.5351",
      archivePrefix  = "arXiv",
      primaryClass   = "nucl-th",
      SLACcitation   = "%%CITATION = ARXIV:1204.5351;%%"
}

@article{Karpenko:2015xea,
      author         = "Karpenko, Iu. A. and Huovinen, P. and Petersen, H. and
                        Bleicher, M.",
      title          = "{Estimation of the shear viscosity at finite net-baryon
                        density from $A+A$ collision data at $\sqrt{s_\mathrm{NN}}
                        = 7.7-200$ GeV}",
      journal        = "Phys. Rev. C",
      volume         = "91",
      year           = "2015",
      number         = "6",
      pages          = "064901",
      doi            = "10.1103/PhysRevC.91.064901",
      eprint         = "1502.01978",
      archivePrefix  = "arXiv",
      primaryClass   = "nucl-th",
      SLACcitation   = "%%CITATION = ARXIV:1502.01978;%%"
}

@article{Kazakov:2008tr,
      author         = "Kazakov, D. I.",
      title          = "{Radiative Corrections, Divergences, Regularization,
                        Renormalization, Renormalization Group and All That in
                        Examples in Quantum Field Theory}",
      year           = "2008",
      eprint         = "0901.2208",
      archivePrefix  = "arXiv",
      primaryClass   = "hep-ph",
      reportNumber   = "JINR, UC-2008-34",
      SLACcitation   = "%%CITATION = ARXIV:0901.2208;%%"
}

@article{Kekelidze:2012zz,
      author         = "Kekelidze, V. and Lednicky, R. and Matveev, V. and
                        Meshkov, I. and Sorin, A. and Trubnikov, G.",
      title          = "{NICA project at JINR}",
      journal        = "Phys. Part. Nucl. Lett.",
      volume         = "9",
      year           = "2012",
      pages          = "313-316",
      doi            = "10.1134/S1547477112040164",
      SLACcitation   = "%%CITATION = 00438,9,313;%%"
}

@article{Ko:1989se,
      author         = "Ko, C. M.",
      title          = "{Relativistic {Vlasov-Uehling-Uhlenbeck} Model for
                        High-energy Heavy Ion Collisions}",
      booktitle      = "{NUCLEAR DYNAMICS AT MEDIUM-ENERGIES AND HIGH-ENERGIES.
                        PROCEEDINGS, INTERNATIONAL WORKSHOP, BAD HONNEF, F.R.
                        GERMANY, OCTOBER 10-14, 1988}",
      journal        = "Nucl. Phys. A",
      volume         = "495",
      year           = "1989",
      pages          = "321C-336C",
      doi            = "10.1016/0375-9474(89)90329-1",
      SLACcitation   = "%%CITATION = NUPHA,A495,321C;%%"
}

@article{Kodama:1983yk,
      author         = "Kodama, T. and Duarte, S. B. and Chung, K. C. and
                        Donangelo, R. and Nazareth, R. A. M. S.",
      title          = "{Causality and relativistic effects in intranuclear
                        cascade calculations}",
      journal        = "Phys. Rev. C",
      volume         = "29",
      year           = "1984",
      pages          = "2146-2152",
      doi            = "10.1103/PhysRevC.29.2146",
      SLACcitation   = "%%CITATION = PHRVA,C29,2146;%%"
}

@article{Kolb:2000fha,
      author         = "Kolb, P. F. and Huovinen, P. and Heinz, Ulrich W. and
                        Heiselberg, H.",
      title          = "{Elliptic flow at SPS and RHIC: From kinetic transport to
                        hydrodynamics}",
      journal        = "Phys. Lett. B",
      volume         = "500",
      year           = "2001",
      pages          = "232-240",
      doi            = "10.1016/S0370-2693(01)00079-X",
      eprint         = "hep-ph/0012137",
      archivePrefix  = "arXiv",
      primaryClass   = "hep-ph",
      reportNumber   = "CERN-TH-2000-368, LBNL-47191",
      SLACcitation   = "%%CITATION = HEP-PH/0012137;%%"
}

@article{Kovtun:2004de,
      author         = "Kovtun, P. and Son, Dan T. and Starinets, Andrei O.",
      title          = "{Viscosity in strongly interacting quantum field theories
                        from black hole physics}",
      journal        = "Phys. Rev. Lett.",
      volume         = "94",
      year           = "2005",
      pages          = "111601",
      doi            = "10.1103/PhysRevLett.94.111601",
      eprint         = "hep-th/0405231",
      archivePrefix  = "arXiv",
      primaryClass   = "hep-th",
      reportNumber   = "INT-PUB-04-09, UW-PT-04-04",
      SLACcitation   = "%%CITATION = HEP-TH/0405231;%%"
}

@article{Kozlov:2016nbo,
      author         = "Kozlov, O. and Meshkov, I. and Sidorin, A. and Trubnikov,
                        G.",
      title          = "{Start-up configuration of the NICA collider equipment}",
      journal        = "Phys. Part. Nucl. Lett.",
      volume         = "13",
      year           = "2016",
      number         = "7",
      pages          = "934-936",
      doi            = "10.1134/S1547477116070347",
      SLACcitation   = "%%CITATION = 00438,13,934;%%"
}

@article{Kumar:2011us,
      author         = "Kumar, Lokesh",
      title          = "{Identified Hadron Production from the RHIC Beam Energy
                        Scan}",
      booktitle      = "{Quark matter. Proceedings, 22nd International Conference
                        on Ultra-Relativistic Nucleus-Nucleus Collisions, Quark
                        Matter 2011, Annecy, France, May 23-28, 2011}",
      collaboration  = "STAR",
      journal        = "J. Phys. G",
      volume         = "38",
      year           = "2011",
      pages          = "124145",
      doi            = "10.1088/0954-3899/38/12/124145",
      eprint         = "1106.6071",
      archivePrefix  = "arXiv",
      primaryClass   = "nucl-ex",
      SLACcitation   = "%%CITATION = ARXIV:1106.6071;%%"
}

@article{Kurkela:2015qoa,
      author         = "Kurkela, Aleksi and Zhu, Yan",
      title          = "{Isotropization and hydrodynamization in weakly coupled
                        heavy-ion collisions}",
      journal        = "Phys. Rev. Lett.",
      volume         = "115",
      year           = "2015",
      number         = "18",
      pages          = "182301",
      doi            = "10.1103/PhysRevLett.115.182301",
      eprint         = "1506.06647",
      archivePrefix  = "arXiv",
      primaryClass   = "hep-ph",
      reportNumber   = "CERN-PH-TH-2015-142",
      SLACcitation   = "%%CITATION = ARXIV:1506.06647;%%"
}

@article{Kuznetsov:1982zc,
      author         = "Kuznetsov, A. A.",
      title          = "{Experiments at the Dubna synchrophasotron}",
      booktitle      = "{NUCLEUS NUCLEUS COLLISIONS. PROCEEDINGS, INTERNATIONAL
                        CONFERENCE, EAST LANSING, USA, SEPTEMBER 26 - OCTOBER 1,
                        1982}",
      journal        = "Nucl. Phys. A",
      volume         = "400",
      year           = "1983",
      pages          = "493C-524C",
      doi            = "10.1016/0375-9474(83)90451-7",
      reportNumber   = "JINR-E1-82-660",
      SLACcitation   = "%%CITATION = NUPHA,A400,493C;%%"
}

@article{Kuznetsov:2016ynd,
      author         = "Kuznetsov, A. B. and Tuzikov, A. V. and Philippov, A. V.",
      title          = "{Gold ion beams induced desorption studies for Booster
                        Nuclotron}",
      journal        = "Phys. Part. Nucl. Lett.",
      volume         = "13",
      year           = "2016",
      number         = "7",
      pages          = "982-987",
      doi            = "10.1134/S1547477116070360",
      SLACcitation   = "%%CITATION = 00438,13,982;%%"
}

@article{Lacey:2001va,
      author         = "Lacey, Roy A.",
      title          = "{Elliptic flow measurements with the PHENIX detector}",
      booktitle      = "{Quark matter 2001. Proceedings, 15th International
                        Conference on Ultrarelativistic nucleus nucleus
                        collisions, QM 2001, Stony Brook, USA, January 15-20,
                        2001}",
      collaboration  = "PHENIX",
      journal        = "Nucl. Phys. A",
      volume         = "698",
      year           = "2002",
      pages          = "559-563",
      doi            = "10.1016/S0375-9474(01)01428-2",
      eprint         = "nucl-ex/0105003",
      archivePrefix  = "arXiv",
      primaryClass   = "nucl-ex",
      SLACcitation   = "%%CITATION = NUCL-EX/0105003;%%"
}

@article{Lacey:2014wqa,
      author         = "Lacey, Roy A.",
      title          = "{Indications for a Critical End Point in the Phase
                        Diagram for Hot and Dense Nuclear Matter}",
      journal        = "Phys. Rev. Lett.",
      volume         = "114",
      year           = "2015",
      number         = "14",
      pages          = "142301",
      doi            = "10.1103/PhysRevLett.114.142301",
      eprint         = "1411.7931",
      archivePrefix  = "arXiv",
      primaryClass   = "nucl-ex",
      SLACcitation   = "%%CITATION = ARXIV:1411.7931;%%"
}

@article{Landau:1953gs,
      author         = "Landau, L. D.",
      title          = "{On the multiparticle production in high-energy
                        collisions}",
      journal        = "Izv. Akad. Nauk Ser. Fiz.",
      volume         = "17",
      year           = "1953",
      pages          = "51-64",
      SLACcitation   = "%%CITATION = IANFA,17,51;%%"
}

@article{Lappi:2006xc,
      author         = "Lappi, T. and Venugopalan, R.",
      title          = "{Universality of the saturation scale and the initial
                        eccentricity in heavy ion collisions}",
      journal        = "Phys. Rev. C",
      volume         = "74",
      year           = "2006",
      pages          = "054905",
      doi            = "10.1103/PhysRevC.74.054905",
      eprint         = "nucl-th/0609021",
      archivePrefix  = "arXiv",
      primaryClass   = "nucl-th",
      SLACcitation   = "%%CITATION = NUCL-TH/0609021;%%"
}

@article{Lappi:2010ek,
      author         = "Lappi, T.",
      title          = "{Small x physics and RHIC data}",
      journal        = "Int. J. Mod. Phys. E",
      volume         = "20",
      year           = "2011",
      number         = "1",
      pages          = "1-43",
      doi            = "10.1142/S0218301311017302",
      eprint         = "1003.1852",
      archivePrefix  = "arXiv",
      primaryClass   = "hep-ph",
      SLACcitation   = "%%CITATION = ARXIV:1003.1852;%%"
}

@article{Lattimer:2012nd,
      author         = "Lattimer, James M.",
      title          = "{The nuclear equation of state and neutron star masses}",
      journal        = "Ann. Rev. Nucl. Part. Sci.",
      volume         = "62",
      year           = "2012",
      pages          = "485-515",
      doi            = "10.1146/annurev-nucl-102711-095018",
      eprint         = "1305.3510",
      archivePrefix  = "arXiv",
      primaryClass   = "nucl-th",
      SLACcitation   = "%%CITATION = ARXIV:1305.3510;%%"
}

@article{Laue:1999yv,
      author         = "Laue, F. and others",
      title          = "{Medium effects in kaon and anti-kaon production in
                        nuclear collisions at subthreshold beam energies}",
      collaboration  = "KaoS",
      journal        = "Phys. Rev. Lett.",
      volume         = "82",
      year           = "1999",
      pages          = "1640-1643",
      doi            = "10.1103/PhysRevLett.82.1640",
      eprint         = "nucl-ex/9901005",
      archivePrefix  = "arXiv",
      primaryClass   = "nucl-ex",
      SLACcitation   = "%%CITATION = NUCL-EX/9901005;%%"
}

@article{Lin:2004en,
      author         = "Lin, Zi-Wei and Ko, Che Ming and Li, Bao-An and Zhang,
                        Bin and Pal, Subrata",
      title          = "{A Multi-phase transport model for relativistic heavy ion
                        collisions}",
      journal        = "Phys. Rev. C",
      volume         = "72",
      year           = "2005",
      pages          = "064901",
      doi            = "10.1103/PhysRevC.72.064901",
      eprint         = "nucl-th/0411110",
      archivePrefix  = "arXiv",
      primaryClass   = "nucl-th",
      SLACcitation   = "%%CITATION = NUCL-TH/0411110;%%"
}

@article{Lisa:2000xj,
      author         = "Lisa, M. A. and others",
      title          = "{Azimuthal dependence of pion interferometry at the AGS}",
      collaboration  = "E895",
      journal        = "Phys. Lett. B",
      volume         = "496",
      year           = "2000",
      pages          = "1-8",
      doi            = "10.1016/S0370-2693(00)01280-6",
      eprint         = "nucl-ex/0007022",
      archivePrefix  = "arXiv",
      primaryClass   = "nucl-ex",
      SLACcitation   = "%%CITATION = NUCL-EX/0007022;%%"
}

@article{Liu:2015nwa,
      author         = "Liu, Jia and Shen, Chun and Heinz, Ulrich",
      title          = "{Pre-equilibrium evolution effects on heavy-ion collision
                        observables}",
      journal        = "Phys. Rev. C",
      volume         = "91",
      year           = "2015",
      number         = "6",
      pages          = "064906",
      doi            = "10.1103/PhysRevC.92.049904, 10.1103/PhysRevC.91.064906",
      note           = "[Erratum: Phys. Rev.C92,no.4,049904(2015)]",
      eprint         = "1504.02160",
      archivePrefix  = "arXiv",
      primaryClass   = "nucl-th",
      SLACcitation   = "%%CITATION = ARXIV:1504.02160;%%"
}

@article{Loizides:2014vua,
      author         = "Loizides, C. and Nagle, J. and Steinberg, P.",
      title          = "{Improved version of the PHOBOS Glauber Monte Carlo}",
      journal        = "SoftwareX",
      volume         = "1-2",
      year           = "2015",
      pages          = "13-18",
      doi            = "10.1016/j.softx.2015.05.001",
      eprint         = "1408.2549",
      archivePrefix  = "arXiv",
      primaryClass   = "nucl-ex",
      SLACcitation   = "%%CITATION = ARXIV:1408.2549;%%"
}

@article{Lopez:2007zz,
      author         = "Lopez, X. and others",
      title          = "{Subthreshold production of Sigma(1385) baryons in Al +
                        Al collisions at 1.9A-GeV}",
      journal        = "Phys. Rev. C",
      volume         = "76",
      year           = "2007",
      pages          = "052203",
      doi            = "10.1103/PhysRevC.76.052203",
      SLACcitation   = "%%CITATION = PHRVA,C76,052203;%%"
}

@article{Lu:2006qn,
      author         = "Lu, Y. and Bleicher, M. and Liu, F. and Liu, Z. and
                        Petersen, H. and Sorensen, P. and Stoecker, Horst and Xu,
                        N. and Zhu, X.",
      title          = "{Anisotropic flow at RHIC: How unique is the
                        number-of-constituent-quark scaling?}",
      journal        = "J. Phys. G",
      volume         = "32",
      year           = "2006",
      pages          = "1121-1130",
      doi            = "10.1088/0954-3899/32/8/004",
      eprint         = "nucl-th/0602009",
      archivePrefix  = "arXiv",
      primaryClass   = "nucl-th",
      SLACcitation   = "%%CITATION = NUCL-TH/0602009;%%"
}

@article{Luzum:2008cw,
      author         = "Luzum, Matthew and Romatschke, Paul",
      title          = "{Conformal Relativistic Viscous Hydrodynamics:
                        Applications to RHIC results at s(NN)**(1/2) = 200-GeV}",
      journal        = "Phys. Rev. C",
      volume         = "78",
      year           = "2008",
      pages          = "034915",
      doi            = "10.1103/PhysRevC.78.034915, 10.1103/PhysRevC.79.039903",
      note           = "[Erratum: Phys. Rev.C79,039903(2009)]",
      eprint         = "0804.4015",
      archivePrefix  = "arXiv",
      primaryClass   = "nucl-th",
      reportNumber   = "INT-08-07, NT-UW-08-10",
      SLACcitation   = "%%CITATION = ARXIV:0804.4015;%%"
}

@article{Maldacena:1997re,
      author         = "Maldacena, Juan Martin",
      title          = "{The Large N limit of superconformal field theories and
                        supergravity}",
      journal        = "Int. J. Theor. Phys.",
      volume         = "38",
      year           = "1999",
      pages          = "1113-1133",
      doi            = "10.1023/A:1026654312961",
      note           = "[Adv. Theor. Math. Phys.2,231(1998)]",
      eprint         = "hep-th/9711200",
      archivePrefix  = "arXiv",
      primaryClass   = "hep-th",
      reportNumber   = "HUTP-97-A097, HUTP-98-A097",
      SLACcitation   = "%%CITATION = HEP-TH/9711200;%%"
}

@article{Mangiarotti:2002mw,
      author         = "Mangiarotti, A. and others",
      title          = "{Sub-threshold phi-meson yield in central 58Ni+58Ni
                        collisions}",
      collaboration  = "FOPI",
      journal        = "Nucl. Phys. A",
      volume         = "714",
      year           = "2003",
      pages          = "89-123",
      doi            = "10.1016/S0375-9474(02)01366-0",
      eprint         = "nucl-ex/0209012",
      archivePrefix  = "arXiv",
      primaryClass   = "nucl-ex",
      SLACcitation   = "%%CITATION = NUCL-EX/0209012;%%"
}

@article{Manley:1992yb,
      author         = "Manley, D. M. and Saleski, E. M.",
      title          = "{Multichannel resonance parametrization of pi N
                        scattering amplitudes}",
      journal        = "Phys. Rev. D",
      volume         = "45",
      year           = "1992",
      pages          = "4002-4033",
      doi            = "10.1103/PhysRevD.45.4002",
      SLACcitation   = "%%CITATION = PHRVA,D45,4002;%%"
}

@article{Manohar:1996cq,
      author         = "Manohar, A. V.",
      title          = "{Effective field theories}",
      booktitle      = "{Perturbative and nonperturbative aspects of quantum
                        field theory. Proceedings, 35. Internationale
                        Universitaetswochen fuer Kern- und Teilchenphysik:
                        Schladming, Austria, March 2-9, 1996}",
      journal        = "Lect. Notes Phys.",
      volume         = "479",
      year           = "1997",
      pages          = "311-362",
      doi            = "10.1007/BFb0104294",
      eprint         = "hep-ph/9606222",
      archivePrefix  = "arXiv",
      primaryClass   = "hep-ph",
      reportNumber   = "UCSD-PTH-96-04",
      SLACcitation   = "%%CITATION = HEP-PH/9606222;%%"
}

@article{Miller:2007ri,
      author         = "Miller, Michael L. and Reygers, Klaus and Sanders,
                        Stephen J. and Steinberg, Peter",
      title          = "{Glauber modeling in high energy nuclear collisions}",
      journal        = "Ann. Rev. Nucl. Part. Sci.",
      volume         = "57",
      year           = "2007",
      pages          = "205-243",
      doi            = "10.1146/annurev.nucl.57.090506.123020",
      eprint         = "nucl-ex/0701025",
      archivePrefix  = "arXiv",
      primaryClass   = "nucl-ex",
      SLACcitation   = "%%CITATION = NUCL-EX/0701025;%%"
}

@article{Molnar:2004yh,
      author         = "Molnar, Denes and Huovinen, Pasi",
      title          = "{Dissipation and elliptic flow at RHIC}",
      journal        = "Phys. Rev. Lett.",
      volume         = "94",
      year           = "2005",
      pages          = "012302",
      doi            = "10.1103/PhysRevLett.94.012302",
      eprint         = "nucl-th/0404065",
      archivePrefix  = "arXiv",
      primaryClass   = "nucl-th",
      reportNumber   = "NUC-MINN-04-4-T",
      SLACcitation   = "%%CITATION = NUCL-TH/0404065;%%"
}

@article{Molnar:2005gx,
      author         = "Molnar, E. and Csernai, L. P. and Magas, V. K. and Nyiri,
                        A. and Tamosiunas, K.",
      title          = "{Covariant description of kinetic freeze out through a
                        finite space-like layer}",
      journal        = "Phys. Rev. C",
      volume         = "74",
      year           = "2006",
      pages          = "024907",
      doi            = "10.1103/PhysRevC.74.024907",
      eprint         = "nucl-th/0503047",
      archivePrefix  = "arXiv",
      primaryClass   = "nucl-th",
      SLACcitation   = "%%CITATION = NUCL-TH/0503047;%%"
}

@article{Molnar:2014zha,
      author         = "Molnar, Etele and Holopainen, Hannu and Huovinen, Pasi
                        and Niemi, Harri",
      title          = "{Influence of temperature-dependent shear viscosity on
                        elliptic flow at backward and forward rapidities in
                        ultrarelativistic heavy-ion collisions}",
      journal        = "Phys. Rev. C",
      volume         = "90",
      year           = "2014",
      number         = "4",
      pages          = "044904",
      doi            = "10.1103/PhysRevC.90.044904",
      eprint         = "1407.8152",
      archivePrefix  = "arXiv",
      primaryClass   = "nucl-th",
      SLACcitation   = "%%CITATION = ARXIV:1407.8152;%%"
}

@article{Nara:1999dz,
      author         = "Nara, Y. and Otuka, N. and Ohnishi, A. and Niita, K. and
                        Chiba, S.",
      title          = "{Study of relativistic nuclear collisions at AGS energies
                        from p + Be to Au + Au with hadronic cascade model}",
      journal        = "Phys. Rev. C",
      volume         = "61",
      year           = "2000",
      pages          = "024901",
      doi            = "10.1103/PhysRevC.61.024901",
      eprint         = "nucl-th/9904059",
      archivePrefix  = "arXiv",
      primaryClass   = "nucl-th",
      SLACcitation   = "%%CITATION = NUCL-TH/9904059;%%"
}

@article{Niemi:2015bpj,
      author         = "Niemi, H. and Eskola, K. J. and Paatelainen, R. and
                        Tuominen, K.",
      title          = "{Pinning down QCD-matter shear viscosity in A + A
                        collisions via EbyE fluctuations using pQCD + saturation +
                        hydrodynamics}",
      booktitle      = "{Proceedings, 25th International Conference on
                        Ultra-Relativistic Nucleus-Nucleus Collisions (Quark
                        Matter 2015): Kobe, Japan, September 27-October 3, 2015}",
      journal        = "Nucl. Phys. A",
      volume         = "956",
      year           = "2016",
      pages          = "312-315",
      doi            = "10.1016/j.nuclphysa.2016.01.027",
      eprint         = "1512.05132",
      archivePrefix  = "arXiv",
      primaryClass   = "hep-ph",
      SLACcitation   = "%%CITATION = ARXIV:1512.05132;%%"
}

@article{Nonaka:2006yn,
      author         = "Nonaka, Chiho and Bass, Steffen A.",
      title          = "{Space-time evolution of bulk QCD matter}",
      journal        = "Phys. Rev. C",
      volume         = "75",
      year           = "2007",
      pages          = "014902",
      doi            = "10.1103/PhysRevC.75.014902",
      eprint         = "nucl-th/0607018",
      archivePrefix  = "arXiv",
      primaryClass   = "nucl-th",
      SLACcitation   = "%%CITATION = NUCL-TH/0607018;%%"
}

@article{Ogilvie:1997mb,
      author         = "Ogilvie, C. A. and others",
      title          = "{Au + Au reactions at the AGS: Experiments E866 and
                        E917}",
      booktitle      = "{Ultrarelativistic nucleus nucleus collisions.
                        Proceedings, 48th Yamada Conference, 13th International
                        Conference, Quark Matter '97, Tsukuba, Japan, December
                        1-5, 1997}",
      collaboration  = "E917, E866",
      journal        = "Nucl. Phys. A",
      volume         = "638",
      year           = "1998",
      pages          = "57C-68C",
      doi            = "10.1016/S0375-9474(98)00388-1",
      eprint         = "nucl-ex/9802004",
      archivePrefix  = "arXiv",
      primaryClass   = "nucl-ex",
      SLACcitation   = "%%CITATION = NUCL-EX/9802004;%%"
}

@article{Oliinychenko:2012hj,
      author         = "Oliinychenko, D. R. and Bugaev, K. A. and Sorin, A. S.",
      title          = "{Investigation of Hadron Multiplicities and Hadron Yield
                        Ratios in heavy Ion Collisions}",
      journal        = "Ukr. J. Phys.",
      volume         = "58",
      year           = "2013",
      number         = "3",
      pages          = "211-227",
      eprint         = "1204.0103",
      archivePrefix  = "arXiv",
      primaryClass   = "hep-ph",
      SLACcitation   = "%%CITATION = ARXIV:1204.0103;%%"
}

@article{Oliinychenko:2014tqa,
      author         = "Oliinychenko, D. and Huovinen, P. and Petersen, H.",
      title          = "{Systematic Investigation of Negative Cooper-Frye
                        Contributions in Heavy Ion Collisions Using Coarse-grained
                        Molecular Dynamics}",
      journal        = "Phys. Rev. C",
      volume         = "91",
      year           = "2015",
      number         = "2",
      pages          = "024906",
      doi            = "10.1103/PhysRevC.91.024906",
      eprint         = "1411.3912",
      archivePrefix  = "arXiv",
      primaryClass   = "nucl-th",
      SLACcitation   = "%%CITATION = ARXIV:1411.3912;%%"
}

@article{Oliinychenko:2015lva,
      author         = "Oliinychenko, Dmytro and Petersen, Hannah",
      title          = "{Deviations of the Energy-Momentum Tensor from
                        Equilibrium in the Initial State for Hydrodynamics from
                        Transport Approaches}",
      journal        = "Phys. Rev. C",
      volume         = "93",
      year           = "2016",
      number         = "3",
      pages          = "034905",
      doi            = "10.1103/PhysRevC.93.034905",
      eprint         = "1508.04378",
      archivePrefix  = "arXiv",
      primaryClass   = "nucl-th",
      SLACcitation   = "%%CITATION = ARXIV:1508.04378;%%"
}

@article{Oliinychenko:2016vkg,
      author         = "Oliinychenko, Dmytro and Petersen, Hannah",
      title          = "{Forced canonical thermalization in a hadronic transport
                        approach at high density}",
      journal        = "J. Phys. G",
      volume         = "44",
      year           = "2017",
      number         = "3",
      pages          = "034001",
      doi            = "10.1088/1361-6471/aa528c",
      eprint         = "1609.01087",
      archivePrefix  = "arXiv",
      primaryClass   = "nucl-th",
      SLACcitation   = "%%CITATION = ARXIV:1609.01087;%%"
}

@article{Pan:2014caa,
      author         = "Pan, Yinghua and Pratt, Scott",
      title          = "{Baryon annihilation and regeneration in heavy ion
                        collisions}",
      journal        = "Phys. Rev. C",
      volume         = "89",
      year           = "2014",
      number         = "4",
      pages          = "044911",
      doi            = "10.1103/PhysRevC.89.044911",
      SLACcitation   = "%%CITATION = PHRVA,C89,044911;%%"
}

@article{Panagiotou:1984rb,
      author         = "Panagiotou, A. D. and Curtin, M. W. and Toki, H. and
                        Scott, D. K. and Siemens, P. J.",
      title          = "{Experimental evidence for a liquid - gas phase
                        transition in nuclear systems}",
      journal        = "Phys. Rev. Lett.",
      volume         = "52",
      year           = "1984",
      pages          = "496-499",
      doi            = "10.1103/PhysRevLett.52.496",
      SLACcitation   = "%%CITATION = PRLTA,52,496;%%"
}

@article{Pang:2012he,
      author         = "Pang, Longgang and Wang, Qun and Wang, Xin-Nian",
      title          = "{Effects of initial flow velocity fluctuation in
                        event-by-event (3+1)D hydrodynamics}",
      journal        = "Phys. Rev. C",
      volume         = "86",
      year           = "2012",
      pages          = "024911",
      doi            = "10.1103/PhysRevC.86.024911",
      eprint         = "1205.5019",
      archivePrefix  = "arXiv",
      primaryClass   = "nucl-th",
      reportNumber   = "NT-LBL-12-011",
      SLACcitation   = "%%CITATION = ARXIV:1205.5019;%%"
}

@article{Pang:2016vdc,
      author         = "Pang, Long-Gang and Zhou, Kai and Su, Nan and Petersen,
                        Hannah and Stoecker, Horst and Wang, Xin-Nian",
      title          = "{An EoS-meter of QCD transition from deep learning}",
      year           = "2016",
      eprint         = "1612.04262",
      archivePrefix  = "arXiv",
      primaryClass   = "hep-ph",
      SLACcitation   = "%%CITATION = ARXIV:1612.04262;%%"
}

@article{Petersen:2008dd,
      author         = "Petersen, Hannah and Steinheimer, Jan and Burau, Gerhard
                        and Bleicher, Marcus and Stocker, Horst",
      title          = "{A Fully Integrated Transport Approach to Heavy Ion
                        Reactions with an Intermediate Hydrodynamic Stage}",
      journal        = "Phys. Rev. C",
      volume         = "78",
      year           = "2008",
      pages          = "044901",
      doi            = "10.1103/PhysRevC.78.044901",
      eprint         = "0806.1695",
      archivePrefix  = "arXiv",
      primaryClass   = "nucl-th",
      SLACcitation   = "%%CITATION = ARXIV:0806.1695;%%"
}

@article{Petersen:2010zt,
      author         = "Petersen, Hannah and Coleman-Smith, Christopher and Bass,
                        Steffen A. and Wolpert, Robert",
      title          = "{Constraining the initial state granularity with bulk
                        observables in Au+Au collisions at $\sqrt{s_{\textrm NN}}=200$
                        GeV}",
      journal        = "J. Phys. G",
      volume         = "38",
      year           = "2011",
      pages          = "045102",
      doi            = "10.1088/0954-3899/38/4/045102",
      eprint         = "1012.4629",
      archivePrefix  = "arXiv",
      primaryClass   = "nucl-th",
      SLACcitation   = "%%CITATION = ARXIV:1012.4629;%%"
}

@article{Petersen:2014yqa,
      author         = "Petersen, Hannah",
      title          = "{Anisotropic flow in transport + hydrodynamics hybrid
                        approaches}",
      journal        = "J. Phys. G",
      volume         = "41",
      year           = "2014",
      number         = "12",
      pages          = "124005",
      doi            = "10.1088/0954-3899/41/12/124005",
      eprint         = "1404.1763",
      archivePrefix  = "arXiv",
      primaryClass   = "nucl-th",
      SLACcitation   = "%%CITATION = ARXIV:1404.1763;%%"
}

@article{Post:2003hu,
      author         = "Post, M. and Leupold, S. and Mosel, U.",
      title          = "{Hadronic spectral functions in nuclear matter}",
      journal        = "Nucl. Phys. A",
      volume         = "741",
      year           = "2004",
      pages          = "81-148",
      doi            = "10.1016/j.nuclphysa.2004.05.016",
      eprint         = "nucl-th/0309085",
      archivePrefix  = "arXiv",
      primaryClass   = "nucl-th",
      SLACcitation   = "%%CITATION = NUCL-TH/0309085;%%"
}

@article{Pratt:1998gt,
      author         = "Pratt, S. and Murray, J.",
      title          = "{Modeling the breakup stage of relativistic heavy ion
                        collisions}",
      journal        = "Phys. Rev. C",
      volume         = "57",
      year           = "1998",
      pages          = "1907-1919",
      doi            = "10.1103/PhysRevC.57.1907",
      SLACcitation   = "%%CITATION = PHRVA,C57,1907;%%"
}

@article{Pratt:2014vja,
      author         = "Pratt, Scott",
      title          = "{Accounting for backflow in hydrodynamic-Boltzmann
                        interfaces}",
      journal        = "Phys. Rev. C",
      volume         = "89",
      year           = "2014",
      number         = "2",
      pages          = "024910",
      doi            = "10.1103/PhysRevC.89.024910",
      eprint         = "1401.0316",
      archivePrefix  = "arXiv",
      primaryClass   = "nucl-th",
      SLACcitation   = "%%CITATION = ARXIV:1401.0316;%%"
}

@article{Protopopescu:1973sh,
      author         = "Protopopescu, S. D. and Alston-Garnjost, M. and
                        Barbaro-Galtieri, A. and Flatte, Stanley M. and Friedman,
                        J. H. and Lasinski, T. A. and Lynch, G. R. and Rabin, M.
                        S. and Solmitz, F. T.",
      title          = "{$\pi\pi$ Partial Wave Analysis from Reactions $\pi^+ p \to
                        \pi^+ \pi^- \Delta^{++}$ and $\pi^+ p \to K^+ K^- \Delta^{++}$
                        at 7.1 GeV/c}",
      journal        = "Phys. Rev. D",
      volume         = "7",
      year           = "1973",
      pages          = "1279",
      doi            = "10.1103/PhysRevD.7.1279",
      reportNumber   = "LBL-787",
      SLACcitation   = "%%CITATION = PHRVA,D7,1279;%%"
}

@article{Pugh:1989eb,
      author         = "Pugh, H. G.",
      title          = "{Search for the quark - gluon plasma (1989): the NA35
                        experiment at the CERN SPS}",
      booktitle      = "{Phys. Scr. T32 (1990) 208-217 and Lawrence Berkeley Lab.
                        - LBL-27833 (89,rec.Dec.) 35 p}",
      collaboration  = "NA-35",
      journal        = "Phys. Scripta T",
      volume         = "32",
      year           = "1990",
      pages          = "208-217",
      doi            = "10.1088/0031-8949/1990/T32/035",
      reportNumber   = "LBL-27833, C89-08-10",
      SLACcitation   = "%%CITATION = PHSTB,T32,208;%%"
}

@article{Pumplin:2002vw,
      author         = "Pumplin, J. and Stump, D. R. and Huston, J. and Lai, H.
                        L. and Nadolsky, Pavel M. and Tung, W. K.",
      title          = "{New generation of parton distributions with
                        uncertainties from global QCD analysis}",
      journal        = "JHEP",
      volume         = "07",
      year           = "2002",
      pages          = "012",
      doi            = "10.1088/1126-6708/2002/07/012",
      eprint         = "hep-ph/0201195",
      archivePrefix  = "arXiv",
      primaryClass   = "hep-ph",
      reportNumber   = "MSU-HEP-011101",
      SLACcitation   = "%%CITATION = HEP-PH/0201195;%%"
}

@article{Rajagopal:1998ec,
      author         = "Rajagopal, Krishna",
      title          = "{Three flavor QCD at high density: Color flavor locking
                        and chiral symmetry breaking}",
      booktitle      = "{QCD at finite baryon density. Proceedings, International
                        Workshop, Bielefeld, Germany, April 27-30, 1998}",
      journal        = "Nucl. Phys. A",
      volume         = "642",
      year           = "1998",
      pages          = "26-38",
      doi            = "10.1016/S0375-9474(98)00495-3",
      eprint         = "hep-ph/9807318",
      archivePrefix  = "arXiv",
      primaryClass   = "hep-ph",
      reportNumber   = "MIT-CTP-2757",
      SLACcitation   = "%%CITATION = HEP-PH/9807318;%%"
}

@article{Ramello:2003ig,
      author         = "Ramello, L. and others",
      title          = "{Results on leptonic probes from NA50}",
      booktitle      = "{Proceedings, 16th International Conference on
                        Ultra-Relativistic nucleus nucleus collisions (Quark
                        Matter 2012): Nantes, France, July 18-24, 2002}",
      collaboration  = "NA50",
      journal        = "Nucl. Phys. A",
      volume         = "715",
      year           = "2003",
      pages          = "243-251",
      doi            = "10.1016/S0375-9474(02)01432-X",
      SLACcitation   = "%%CITATION = NUPHA,A715,243;%%"
}

@article{Reisdorf:2006ie,
      author         = "Reisdorf, W. and others",
      title          = "{Systematics of pion emission in heavy ion collisions in
                        the 1A- GeV regime}",
      collaboration  = "FOPI",
      journal        = "Nucl. Phys. A",
      volume         = "781",
      year           = "2007",
      pages          = "459-508",
      doi            = "10.1016/j.nuclphysa.2006.10.085",
      eprint         = "nucl-ex/0610025",
      archivePrefix  = "arXiv",
      primaryClass   = "nucl-ex",
      SLACcitation   = "%%CITATION = NUCL-EX/0610025;%%"
}

@article{Rischke:1995ir,
      author         = "Rischke, Dirk H. and Bernard, Stefan and Maruhn, Joachim
                        A.",
      title          = "{Relativistic hydrodynamics for heavy ion collisions. 1.
                        General aspects and expansion into vacuum}",
      journal        = "Nucl. Phys. A",
      volume         = "595",
      year           = "1995",
      pages          = "346-382",
      doi            = "10.1016/0375-9474(95)00355-1",
      eprint         = "nucl-th/9504018",
      archivePrefix  = "arXiv",
      primaryClass   = "nucl-th",
      reportNumber   = "CU-TP-692",
      SLACcitation   = "%%CITATION = NUCL-TH/9504018;%%"
}

@article{Rischke:1998fq,
      author         = "Rischke, Dirk H.",
      title          = "{Fluid dynamics for relativistic nuclear collisions}",
      booktitle      = "{Hadrons in dense matter and hadrosynthesis. Proceedings,
                        11th Chris Engelbrecht Summer School, Cape Town, South
                        Africa, February 4-13, 1998}",
      year           = "1998",
      doi            = "10.1007/BFb0107310",
      note           = "[Lect. Notes Phys.516,21(1999)]",
      eprint         = "nucl-th/9809044",
      archivePrefix  = "arXiv",
      primaryClass   = "nucl-th",
      SLACcitation   = "%%CITATION = NUCL-TH/9809044;%%"
}

@article{Roche:1988er,
      author         = "Roche, G. and others",
      title          = "{First Observation of Dielectron Production at the
                        Bevalac}",
      collaboration  = "DLS",
      journal        = "Phys. Rev. Lett.",
      volume         = "61",
      year           = "1988",
      pages          = "1069-1072",
      doi            = "10.1103/PhysRevLett.61.1069",
      reportNumber   = "LBL-25325",
      SLACcitation   = "%%CITATION = PRLTA,61,1069;%%"
}

@article{Romatschke:2007mq,
      author         = "Romatschke, Paul and Romatschke, Ulrike",
      title          = "{Viscosity Information from Relativistic Nuclear
                        Collisions: How Perfect is the Fluid Observed at RHIC?}",
      journal        = "Phys. Rev. Lett.",
      volume         = "99",
      year           = "2007",
      pages          = "172301",
      doi            = "10.1103/PhysRevLett.99.172301",
      eprint         = "0706.1522",
      archivePrefix  = "arXiv",
      primaryClass   = "nucl-th",
      reportNumber   = "INT-PUB-07-14",
      SLACcitation   = "%%CITATION = ARXIV:0706.1522;%%"
}

@article{Rustamov:2012np,
      author         = "Rustamov, Anar",
      title          = "{The Horn, Kink and Step, Dale: from few GeV to few TeV}",
      journal        = "Central Eur. J. Phys.",
      volume         = "10",
      year           = "2012",
      pages          = "1267-1270",
      doi            = "10.2478/s11534-012-0148-2",
      eprint         = "1201.4520",
      archivePrefix  = "arXiv",
      primaryClass   = "nucl-ex",
      SLACcitation   = "%%CITATION = ARXIV:1201.4520;%%"
}

@article{Sako:2015cqa,
      author         = "Sako, Hiroyuki",
      title          = "{Future Heavy-Ion Program at J-PARC}",
      booktitle      = "{Proceedings, 2nd International Symposium on Science at
                        J-PARC: Unlocking the Mysteries of Life, Matter and the
                        Universe (J-PARC 2014): Tsukuba, Japan, July 12-15, 2014}",
      collaboration  = "J-PARC heavy-ion",
      journal        = "JPS Conf. Proc.",
      volume         = "8",
      year           = "2015",
      pages          = "022010",
      doi            = "10.7566/JPSCP.8.022010",
      SLACcitation   = "%%CITATION = INSPIRE-1400414;%%"
}

@article{Scavenius:2000qd,
      author         = "Scavenius, O. and Mocsy, A. and Mishustin, I. N. and
                        Rischke, D. H.",
      title          = "{Chiral phase transition within effective models with
                        constituent quarks}",
      journal        = "Phys. Rev. C",
      volume         = "64",
      year           = "2001",
      pages          = "045202",
      doi            = "10.1103/PhysRevC.64.045202",
      eprint         = "nucl-th/0007030",
      archivePrefix  = "arXiv",
      primaryClass   = "nucl-th",
      SLACcitation   = "%%CITATION = NUCL-TH/0007030;%%"
}

@article{Schafer:1999fe,
      author         = "Schaefer, Thomas",
      title          = "{Patterns of symmetry breaking in QCD at high baryon
                        density}",
      journal        = "Nucl. Phys. B",
      volume         = "575",
      year           = "2000",
      pages          = "269-284",
      doi            = "10.1016/S0550-3213(00)00063-8",
      eprint         = "hep-ph/9909574",
      archivePrefix  = "arXiv",
      primaryClass   = "hep-ph",
      reportNumber   = "TRI-PP-99-30",
      SLACcitation   = "%%CITATION = HEP-PH/9909574;%%"
}

@article{Schenke:2010rr,
      author         = "Schenke, Bjorn and Jeon, Sangyong and Gale, Charles",
      title          = "{Elliptic and triangular flow in event-by-event (3+1)D
                        viscous hydrodynamics}",
      journal        = "Phys. Rev. Lett.",
      volume         = "106",
      year           = "2011",
      pages          = "042301",
      doi            = "10.1103/PhysRevLett.106.042301",
      eprint         = "1009.3244",
      archivePrefix  = "arXiv",
      primaryClass   = "hep-ph",
      SLACcitation   = "%%CITATION = ARXIV:1009.3244;%%"
}

@article{Schenke:2012wb,
      author         = "Schenke, Bjoern and Tribedy, Prithwish and Venugopalan,
                        Raju",
      title          = "{Fluctuating Glasma initial conditions and flow in heavy
                        ion collisions}",
      journal        = "Phys. Rev. Lett.",
      volume         = "108",
      year           = "2012",
      pages          = "252301",
      doi            = "10.1103/PhysRevLett.108.252301",
      eprint         = "1202.6646",
      archivePrefix  = "arXiv",
      primaryClass   = "nucl-th",
      SLACcitation   = "%%CITATION = ARXIV:1202.6646;%%"
}

@article{Schnedermann:1993ws,
      author         = "Schnedermann, Ekkard and Sollfrank, Josef and Heinz,
                        Ulrich W.",
      title          = "{Thermal phenomenology of hadrons from 200-A/GeV S+S
                        collisions}",
      journal        = "Phys. Rev. C",
      volume         = "48",
      year           = "1993",
      pages          = "2462-2475",
      doi            = "10.1103/PhysRevC.48.2462",
      eprint         = "nucl-th/9307020",
      archivePrefix  = "arXiv",
      primaryClass   = "nucl-th",
      reportNumber   = "TPR-93-16",
      SLACcitation   = "%%CITATION = NUCL-TH/9307020;%%"
}

@article{Shuryak:1977ut,
      author         = "Shuryak, Edward V.",
      title          = "{Theory of Hadronic Plasma}",
      journal        = "Sov. Phys. JETP",
      volume         = "47",
      year           = "1978",
      pages          = "212-219",
      note           = "[Zh. Eksp. Teor. Fiz.74,408(1978)]",
      reportNumber   = "IYF-77-34",
      SLACcitation   = "%%CITATION = SPHJA,47,212;%%"
}

@article{Shuryak:2008eq,
      author         = "Shuryak, Edward",
      title          = "{Physics of Strongly coupled Quark-Gluon Plasma}",
      journal        = "Prog. Part. Nucl. Phys.",
      volume         = "62",
      year           = "2009",
      pages          = "48-101",
      doi            = "10.1016/j.ppnp.2008.09.001",
      eprint         = "0807.3033",
      archivePrefix  = "arXiv",
      primaryClass   = "hep-ph",
      SLACcitation   = "%%CITATION = ARXIV:0807.3033;%%"
}

@article{Siemens:1978pb,
      author         = "Siemens, Philip J. and Rasmussen, John O.",
      title          = "{Evidence for a blast wave from compress nuclear matter}",
      journal        = "Phys. Rev. Lett.",
      volume         = "42",
      year           = "1979",
      pages          = "880-887",
      doi            = "10.1103/PhysRevLett.42.880",
      SLACcitation   = "%%CITATION = PRLTA,42,880;%%"
}

@article{Sinyukov:2002if,
      author         = "Sinyukov, {\relax Yu}. M. and Akkelin, S. V. and Hama,
                        Yogiro",
      title          = "{On freezeout problem in hydro kinetic approach to A+A
                        collisions}",
      journal        = "Phys. Rev. Lett.",
      volume         = "89",
      year           = "2002",
      pages          = "052301",
      doi            = "10.1103/PhysRevLett.89.052301",
      eprint         = "nucl-th/0201015",
      archivePrefix  = "arXiv",
      primaryClass   = "nucl-th",
      SLACcitation   = "%%CITATION = NUCL-TH/0201015;%%"
}

@article{Sjostrand:2007gs,
      author         = "Sjostrand, Torbjorn and Mrenna, Stephen and Skands, Peter
                        Z.",
      title          = "{A Brief Introduction to PYTHIA 8.1}",
      journal        = "Comput. Phys. Commun.",
      volume         = "178",
      year           = "2008",
      pages          = "852-867",
      doi            = "10.1016/j.cpc.2008.01.036",
      eprint         = "0710.3820",
      archivePrefix  = "arXiv",
      primaryClass   = "hep-ph",
      reportNumber   = "CERN-LCGAPP-2007-04, LU-TP-07-28,
                        FERMILAB-PUB-07-512-CD-T",
      SLACcitation   = "%%CITATION = ARXIV:0710.3820;%%"
}

@article{Skokov:2005ut,
      author         = "Skokov, V. V. and Toneev, V. D.",
      title          = "{Semi-central In-In collisions and Brown-Rho scaling}",
      journal        = "Phys. Rev. C",
      volume         = "73",
      year           = "2006",
      pages          = "021902",
      doi            = "10.1103/PhysRevC.73.021902",
      eprint         = "nucl-th/0509085",
      archivePrefix  = "arXiv",
      primaryClass   = "nucl-th",
      SLACcitation   = "%%CITATION = NUCL-TH/0509085;%%"
}

@article{Skokov:2006us,
      author         = "Skokov, V. V. and Toneev, V. D.",
      title          = "{Dilepton production from hydrodynamically expanding
                        fireball}",
      booktitle      = "{Proceedings, 18th International Conference on
                        Ultra-Relativistic Nucleus-Nucleus Collisions (Quark
                        Matter 2005): Budapest, Hungary, August 4-9, 2005}",
      journal        = "Acta Phys. Slov.",
      volume         = "56",
      year           = "2006",
      pages          = "503-510",
      eprint         = "hep-ph/0601160",
      archivePrefix  = "arXiv",
      primaryClass   = "hep-ph",
      SLACcitation   = "%%CITATION = HEP-PH/0601160;%%"
}

@article{Song:2007fn,
      author         = "Song, Huichao and Heinz, Ulrich W.",
      title          = "{Suppression of elliptic flow in a minimally viscous
                        quark-gluon plasma}",
      journal        = "Phys. Lett. B",
      volume         = "658",
      year           = "2008",
      pages          = "279-283",
      doi            = "10.1016/j.physletb.2007.11.019",
      eprint         = "0709.0742",
      archivePrefix  = "arXiv",
      primaryClass   = "nucl-th",
      reportNumber   = "CERN-PH-TH-2007-154",
      SLACcitation   = "%%CITATION = ARXIV:0709.0742;%%"
}

@article{Song:2007ux,
      author         = "Song, Huichao and Heinz, Ulrich W.",
      title          = "{Causal viscous hydrodynamics in 2+1 dimensions for
                        relativistic heavy-ion collisions}",
      journal        = "Phys. Rev. C",
      volume         = "77",
      year           = "2008",
      pages          = "064901",
      doi            = "10.1103/PhysRevC.77.064901",
      eprint         = "0712.3715",
      archivePrefix  = "arXiv",
      primaryClass   = "nucl-th",
      reportNumber   = "CERN-PH-TH-2007-269",
      SLACcitation   = "%%CITATION = ARXIV:0712.3715;%%"
}

@article{Song:2010mg,
      author         = "Song, Huichao and Bass, Steffen A. and Heinz, Ulrich and
                        Hirano, Tetsufumi and Shen, Chun",
      title          = "{200 A GeV Au+Au collisions serve a nearly perfect
                        quark-gluon liquid}",
      journal        = "Phys. Rev. Lett.",
      volume         = "106",
      year           = "2011",
      pages          = "192301",
      doi            = "10.1103/PhysRevLett.106.192301,
                        10.1103/PhysRevLett.109.139904",
      note           = "[Erratum: Phys. Rev. Lett.109,139904(2012)]",
      eprint         = "1011.2783",
      archivePrefix  = "arXiv",
      primaryClass   = "nucl-th",
      SLACcitation   = "%%CITATION = ARXIV:1011.2783;%%"
}

@article{Sorge:1989vt,
      author         = "Sorge, H. and Stoecker, Horst and Greiner, W.",
      title          = "{Relativistic quantum molecular dynamics approach to
                        nuclear collisions at ultrarelativistic energies}",
      booktitle      = "{QUARK MATTER '88. PROCEEDINGS, 7TH INTERNATIONAL
                        CONFERENCE ON ULTRARELATIVISTIC NUCLEUS-NUCLEUS
                        COLLISIONS, LENOX, USA, SEPTEMBER 26-30, 1988}",
      journal        = "Nucl. Phys. A",
      volume         = "498",
      year           = "1989",
      pages          = "567C-576C",
      doi            = "10.1016/0375-9474(89)90641-6",
      SLACcitation   = "%%CITATION = NUPHA,A498,567C;%%"
}

@article{Sorge:1995pw,
      author         = "Sorge, H.",
      title          = "{Temperatures and nonideal expansion in ultrarelativistic
                        nucleus-nucleus collisions}",
      journal        = "Phys. Lett. B",
      volume         = "373",
      year           = "1996",
      pages          = "16-22",
      doi            = "10.1016/0370-2693(96)00110-4",
      eprint         = "nucl-th/9510056",
      archivePrefix  = "arXiv",
      primaryClass   = "nucl-th",
      reportNumber   = "SUNY-NTG-95-47",
      SLACcitation   = "%%CITATION = NUCL-TH/9510056;%%"
}

@article{Spiller:2006gj,
      author         = "Spiller, P. and Franchetti, G.",
      title          = "{The FAIR accelerator project at GSI}",
      booktitle      = "{Workshop on High Intensity Beam Dynamics (Coulomb'05)
                        Senigallia, Italy, September 12-16, 2005}",
      journal        = "Nucl. Instrum. Meth. A",
      volume         = "561",
      year           = "2006",
      pages          = "305-309",
      doi            = "10.1016/j.nima.2006.01.043",
      SLACcitation   = "%%CITATION = NUIMA,A561,305;%%"
}

@article{Stachel:2013zma,
      author         = "Stachel, J. and Andronic, A. and Braun-Munzinger, P. and
                        Redlich, K.",
      title          = "{Confronting LHC data with the statistical hadronization
                        model}",
      booktitle      = "{Proceedings, 14th International Conference on
                        Strangeness in Quark Matter (SQM 2013): Birmingham, UK,
                        July 22-27, 2013}",
      journal        = "J. Phys. Conf. Ser.",
      volume         = "509",
      year           = "2014",
      pages          = "012019",
      doi            = "10.1088/1742-6596/509/1/012019",
      eprint         = "1311.4662",
      archivePrefix  = "arXiv",
      primaryClass   = "nucl-th",
      SLACcitation   = "%%CITATION = ARXIV:1311.4662;%%"
}

@article{Steinheimer:2011mp,
      author         = "Steinheimer, J. and Bleicher, M.",
      title          = "{Core-corona separation in the UrQMD hybrid model}",
      journal        = "Phys. Rev. C",
      volume         = "84",
      year           = "2011",
      pages          = "024905",
      doi            = "10.1103/PhysRevC.84.024905",
      eprint         = "1104.3981",
      archivePrefix  = "arXiv",
      primaryClass   = "hep-ph",
      SLACcitation   = "%%CITATION = ARXIV:1104.3981;%%"
}

@article{Stephanov:1999zu,
      author         = "Stephanov, Misha A. and Rajagopal, K. and Shuryak, Edward
                        V.",
      title          = "{Event-by-event fluctuations in heavy ion collisions and
                        the QCD critical point}",
      journal        = "Phys. Rev. D",
      volume         = "60",
      year           = "1999",
      pages          = "114028",
      doi            = "10.1103/PhysRevD.60.114028",
      eprint         = "hep-ph/9903292",
      archivePrefix  = "arXiv",
      primaryClass   = "hep-ph",
      reportNumber   = "ITP-SB-99-4, MIT-CTP-2834, SUNY-NTG-99-3",
      SLACcitation   = "%%CITATION = HEP-PH/9903292;%%"
}

@article{Stephanov:2004wx,
      author         = "Stephanov, Mikhail A.",
      title          = "{QCD phase diagram and the critical point}",
      booktitle      = "{Non-perturbative quantum chromodynamics. Proceedings,
                        8th Workshop, Paris, France, June 7-11, 2004}",
      journal        = "Prog. Theor. Phys. Suppl.",
      volume         = "153",
      year           = "2004",
      pages          = "139-156",
      doi            = "10.1142/S0217751X05027965",
      note           = "[Int. J. Mod. Phys.A20,4387(2005)]",
      eprint         = "hep-ph/0402115",
      archivePrefix  = "arXiv",
      primaryClass   = "hep-ph",
      SLACcitation   = "%%CITATION = HEP-PH/0402115;%%"
}

@article{Stephanov:2008qz,
      author         = "Stephanov, M. A.",
      title          = "{Non-Gaussian fluctuations near the QCD critical point}",
      journal        = "Phys. Rev. Lett.",
      volume         = "102",
      year           = "2009",
      pages          = "032301",
      doi            = "10.1103/PhysRevLett.102.032301",
      eprint         = "0809.3450",
      archivePrefix  = "arXiv",
      primaryClass   = "hep-ph",
      SLACcitation   = "%%CITATION = ARXIV:0809.3450;%%"
}

@article{Strickland:2013uga,
      author         = "Strickland, Michael",
      title          = "{Thermalization and isotropization in heavy-ion
                        collisions}",
      journal        = "Pramana",
      volume         = "84",
      year           = "2015",
      number         = "5",
      pages          = "671-684",
      doi            = "10.1007/s12043-015-0972-1",
      eprint         = "1312.2285",
      archivePrefix  = "arXiv",
      primaryClass   = "hep-ph",
      SLACcitation   = "%%CITATION = ARXIV:1312.2285;%%"
}

@article{Strickland:2014pga,
      author         = "Strickland, Michael",
      title          = "{Anisotropic Hydrodynamics: Three lectures}",
      booktitle      = "{54th Cracow School of Theoretical Physics: QCD meets
                        experiment: Zakopane, Poland, June 12-20, 2014}",
      journal        = "Acta Phys. Polon. B",
      volume         = "45",
      year           = "2014",
      number         = "12",
      pages          = "2355-2394",
      doi            = "10.5506/APhysPolB.45.2355",
      eprint         = "1410.5786",
      archivePrefix  = "arXiv",
      primaryClass   = "nucl-th",
      SLACcitation   = "%%CITATION = ARXIV:1410.5786;%%"
}

@article{Tarbert:2013jze,
      author         = "Tarbert, C. M. and others",
      title          = "{Neutron skin of $^{208}$Pb from Coherent Pion
                        Photoproduction}",
      journal        = "Phys. Rev. Lett.",
      volume         = "112",
      year           = "2014",
      number         = "24",
      pages          = "242502",
      doi            = "10.1103/PhysRevLett.112.242502",
      eprint         = "1311.0168",
      archivePrefix  = "arXiv",
      primaryClass   = "nucl-ex",
      SLACcitation   = "%%CITATION = ARXIV:1311.0168;%%"
}

@article{Teaney:2001av,
      author         = "Teaney, D. and Lauret, J. and Shuryak, E. V.",
      title          = "{A Hydrodynamic description of heavy ion collisions at
                        the SPS and RHIC}",
      year           = "2001",
      eprint         = "nucl-th/0110037",
      archivePrefix  = "arXiv",
      primaryClass   = "nucl-th",
      SLACcitation   = "%%CITATION = NUCL-TH/0110037;%%"
}

@article{Teaney:2001gc,
      author         = "Teaney, D. and Lauret, J. and Shuryak, Edward V.",
      title          = "{Hydro+cascade, flow, the equation of state, predictions
                        and data}",
      booktitle      = "{Quark matter 2001. Proceedings, 15th International
                        Conference on Ultrarelativistic nucleus nucleus
                        collisions, QM 2001, Stony Brook, USA, January 15-20,
                        2001}",
      journal        = "Nucl. Phys. A",
      volume         = "698",
      year           = "2002",
      pages          = "479-482",
      doi            = "10.1016/S0375-9474(01)01408-7",
      eprint         = "nucl-th/0104041",
      archivePrefix  = "arXiv",
      primaryClass   = "nucl-th",
      SLACcitation   = "%%CITATION = NUCL-TH/0104041;%%"
}

@article{Teaney:2003kp,
      author         = "Teaney, Derek",
      title          = "{The Effects of viscosity on spectra, elliptic flow, and
                        HBT radii}",
      journal        = "Phys. Rev. C",
      volume         = "68",
      year           = "2003",
      pages          = "034913",
      doi            = "10.1103/PhysRevC.68.034913",
      eprint         = "nucl-th/0301099",
      archivePrefix  = "arXiv",
      primaryClass   = "nucl-th",
      SLACcitation   = "%%CITATION = NUCL-TH/0301099;%%"
}

@article{Weil:2016zrk,
      author         = "Weil, J. and others",
      title          = "{Particle production and equilibrium properties within a
                        new hadron transport approach for heavy-ion collisions}",
      journal        = "Phys. Rev. C",
      volume         = "94",
      year           = "2016",
      number         = "5",
      pages          = "054905",
      doi            = "10.1103/PhysRevC.94.054905",
      eprint         = "1606.06642",
      archivePrefix  = "arXiv",
      primaryClass   = "nucl-th",
      SLACcitation   = "%%CITATION = ARXIV:1606.06642;%%"
}

@article{Werner:1995mx,
      author         = "Werner, Klaus and Aichelin, Jorg",
      title          = "{Microcanonical treatment of hadronizing the quark -
                        gluon plasma}",
      journal        = "Phys. Rev. C",
      volume         = "52",
      year           = "1995",
      pages          = "1584-1603",
      doi            = "10.1103/PhysRevC.52.1584",
      eprint         = "nucl-th/9503021",
      archivePrefix  = "arXiv",
      primaryClass   = "nucl-th",
      reportNumber   = "SUBATECH-95-05, HD-TVP-94-24",
      SLACcitation   = "%%CITATION = NUCL-TH/9503021;%%"
}

@article{Werner:2010aa,
      author         = "Werner, K. and Karpenko, Iu. and Pierog, T. and Bleicher,
                        M. and Mikhailov, K.",
      title          = "{Event-by-Event Simulation of the Three-Dimensional
                        Hydrodynamic Evolution from Flux Tube Initial Conditions
                        in Ultrarelativistic Heavy Ion Collisions}",
      journal        = "Phys. Rev. C",
      volume         = "82",
      year           = "2010",
      pages          = "044904",
      doi            = "10.1103/PhysRevC.82.044904",
      eprint         = "1004.0805",
      archivePrefix  = "arXiv",
      primaryClass   = "nucl-th",
      SLACcitation   = "%%CITATION = ARXIV:1004.0805;%%"
}

@article{Wessels:2002ha,
      author         = "Wessels, Johannes P. and others",
      title          = "{Latest results from CERES / NA45}",
      booktitle      = "{Proceedings, 16th International Conference on
                        Ultra-Relativistic nucleus nucleus collisions (Quark
                        Matter 2012): Nantes, France, July 18-24, 2002}",
      collaboration  = "CERES/NA45",
      journal        = "Nucl. Phys. A",
      volume         = "715",
      year           = "2003",
      pages          = "262-271",
      doi            = "10.1016/S0375-9474(02)01435-5",
      eprint         = "nucl-ex/0212015",
      archivePrefix  = "arXiv",
      primaryClass   = "nucl-ex",
      SLACcitation   = "%%CITATION = NUCL-EX/0212015;%%"
}

@article{Wisniewski:2001dk,
      author         = "Wisniewski, K. and others",
      title          = "{Direct comparison of phase space distributions of K- and
                        K+ mesons in heavy ion collisions at SIS energies:
                        Evidence for in-medium modifications of kaons?}",
      collaboration  = "FOPI",
      journal        = "Eur. Phys. J. A",
      volume         = "9",
      year           = "2000",
      pages          = "515-519",
      doi            = "10.1007/s100500070008",
      eprint         = "nucl-ex/0101009",
      archivePrefix  = "arXiv",
      primaryClass   = "nucl-ex",
      SLACcitation   = "%%CITATION = NUCL-EX/0101009;%%"
}

@article{Witten:1984rs,
      author         = "Witten, Edward",
      title          = "{Cosmic Separation of Phases}",
      journal        = "Phys. Rev. D",
      volume         = "30",
      year           = "1984",
      pages          = "272-285",
      doi            = "10.1103/PhysRevD.30.272",
      reportNumber   = "PRINT-84-0400 (IAS,PRINCETON)",
      SLACcitation   = "%%CITATION = PHRVA,D30,272;%%"
}

@article{Wolf:1992qja,
      author         = "Wolf, G. and Cassing, W. and Mosel, U.",
      title          = "{Eta and dilepton production in heavy-ion reactions}",
      booktitle      = "{Dynamical fluctuations and correlations in nuclear
                        collisions. Proceedings, International Workshop, Aussois,
                        France, March 16-20, 1992}",
      journal        = "Nucl. Phys. A",
      volume         = "545",
      year           = "1992",
      pages          = "139-150",
      doi            = "10.1016/0375-9474(92)90454-R",
      SLACcitation   = "%%CITATION = NUPHA,A545,139;%%"
}

@article{Xu:2002wd,
      author         = "Xu, Renxin",
      title          = "{Strange quark stars - A Review}",
      booktitle      = "{IAU Symposium 214: High-Energy Processes and Phenomena
                        in Astrophysics Suzhou, China, August 5-10, 2002}",
      year           = "2002",
      note           = "[IAU Symp.214,191(2003)]",
      eprint         = "astro-ph/0211348",
      archivePrefix  = "arXiv",
      primaryClass   = "astro-ph",
      SLACcitation   = "%%CITATION = ASTRO-PH/0211348;%%"
}

@article{Xu:2004mz,
      author         = "Xu, Zhe and Greiner, Carsten",
      title          = "{Thermalization of gluons in ultrarelativistic heavy ion
                        collisions by including three-body interactions in a
                        parton cascade}",
      journal        = "Phys. Rev. C",
      volume         = "71",
      year           = "2005",
      pages          = "064901",
      doi            = "10.1103/PhysRevC.71.064901",
      eprint         = "hep-ph/0406278",
      archivePrefix  = "arXiv",
      primaryClass   = "hep-ph",
      SLACcitation   = "%%CITATION = HEP-PH/0406278;%%"
}

@article{Xu:2005jt,
      author         = "Xu, N.",
      title          = "{Collective expansion in high-energy nuclear collisions:
                        The search for the partonic EOS at RHIC}",
      booktitle      = "{Nuclear physics. Proceedings, 22nd International
                        Conference, INPC 2004, Goeteborg, Sweden, June 27-July 2,
                        2004}",
      journal        = "Nucl. Phys. A",
      volume         = "751",
      year           = "2005",
      pages          = "109-126",
      doi            = "10.1016/j.nuclphysa.2005.02.103",
      SLACcitation   = "%%CITATION = NUPHA,A751,109;%%"
}

@article{Xu:2014ega,
      author         = "Xu, Zhe and Zhou, Kai and Zhuang, Pengfei and Greiner,
                        Carsten",
      title          = "{Thermalization of gluons with Bose-Einstein
                        condensation}",
      journal        = "Phys. Rev. Lett.",
      volume         = "114",
      year           = "2015",
      number         = "18",
      pages          = "182301",
      doi            = "10.1103/PhysRevLett.114.182301",
      eprint         = "1410.5616",
      archivePrefix  = "arXiv",
      primaryClass   = "hep-ph",
      SLACcitation   = "%%CITATION = ARXIV:1410.5616;%%"
}

@article{Xu:2016lue,
      author         = "Xu, Jun and others",
      title          = "{Understanding transport simulations of heavy-ion
                        collisions at 100A and 400A MeV: Comparison of heavy-ion
                        transport codes under controlled conditions}",
      journal        = "Phys. Rev. C",
      volume         = "93",
      year           = "2016",
      number         = "4",
      pages          = "044609",
      doi            = "10.1103/PhysRevC.93.044609",
      eprint         = "1603.08149",
      archivePrefix  = "arXiv",
      primaryClass   = "nucl-th",
      SLACcitation   = "%%CITATION = ARXIV:1603.08149;%%"
}

@article{Zhang:1997ej,
      author         = "Zhang, Bin",
      title          = "{ZPC 1.0.1: A Parton cascade for ultrarelativistic heavy
                        ion collisions}",
      journal        = "Comput. Phys. Commun.",
      volume         = "109",
      year           = "1998",
      pages          = "193-206",
      doi            = "10.1016/S0010-4655(98)00010-1",
      eprint         = "nucl-th/9709009",
      archivePrefix  = "arXiv",
      primaryClass   = "nucl-th",
      reportNumber   = "CU-TP-853",
      SLACcitation   = "%%CITATION = NUCL-TH/9709009;%%"
}

@article{deForcrand:2010ys,
      author         = "de Forcrand, Philippe",
      title          = "{Simulating QCD at finite density}",
      booktitle      = "{Proceedings, 27th International Symposium on Lattice
                        field theory (Lattice 2009): Beijing, P.R. China, July
                        26-31, 2009}",
      journal        = "PoS L",
      volume         = "AT2009",
      year           = "2009",
      pages          = "010",
      eprint         = "1005.0539",
      archivePrefix  = "arXiv",
      primaryClass   = "hep-lat",
      reportNumber   = "CERN-PH-TH-2010-090",
      SLACcitation   = "%%CITATION = ARXIV:1005.0539;%%"
}

@article{deSouza:2015ena,
      author         = "Derradi de Souza, R. and Koide, Tomoi and Kodama,
                        Takeshi",
      title          = "{Hydrodynamic Approaches in Relativistic Heavy Ion
                        Reactions}",
      journal        = "Prog. Part. Nucl. Phys.",
      volume         = "86",
      year           = "2016",
      pages          = "35-85",
      doi            = "10.1016/j.ppnp.2015.09.002",
      eprint         = "1506.03863",
      archivePrefix  = "arXiv",
      primaryClass   = "nucl-th",
      SLACcitation   = "%%CITATION = ARXIV:1506.03863;%%"
}

@article{vanderSchee:2013pia,
      author         = "van der Schee, Wilke and Romatschke, Paul and Pratt,
                        Scott",
      title          = "{Fully Dynamical Simulation of Central Nuclear
                        Collisions}",
      journal        = "Phys. Rev. Lett.",
      volume         = "111",
      year           = "2013",
      number         = "22",
      pages          = "222302",
      doi            = "10.1103/PhysRevLett.111.222302",
      eprint         = "1307.2539",
      archivePrefix  = "arXiv",
      primaryClass   = "nucl-th",
      SLACcitation   = "%%CITATION = ARXIV:1307.2539;%%"
}

@book{Rafelski:2016hnq,
      editor         = "Rafelski, Johann",
      title          = "{Melting Hadrons, Boiling Quarks - From Hagedorn
                        Temperature to Ultra-Relativistic Heavy-Ion Collisions at
                        CERN}",
      publisher      = "Springer",
      year           = "2016",
      doi            = "10.1007/978-3-319-17545-4",
      ISBN           = "978-3-319-17544-7, 978-3-319-17545-4",
      SLACcitation   = "%%CITATION = INSPIRE-1401459;%%"
}

@book{Weinberg:1977ji,
      author         = "Weinberg, Steven",
      title          = "{The First Three Minutes. A Modern View of the Origin of
                        the Universe}",
      journal        = "Muenchen 1977, 269p",
      year           = "1977",
      ISBN           = "0465024378, 9780465024377",
      SLACcitation   = "%%CITATION = INSPIRE-124993;%%"
}

@inproceedings{Iancu:2003xm,
      author         = "Iancu, Edmond and Venugopalan, Raju",
      title          = "{The Color glass condensate and high-energy scattering in
                        QCD}",
      booktitle      = "{In *Hwa, R.C. (ed.) et al.: Quark gluon plasma*
                        249-3363}",
      year           = "2003",
      doi            = "10.1142/9789812795533_0005",
      eprint         = "hep-ph/0303204",
      archivePrefix  = "arXiv",
      primaryClass   = "hep-ph",
      SLACcitation   = "%%CITATION = HEP-PH/0303204;%%"
}

@inproceedings{Kapusta:2000fe,
      author         = "Kapusta, Joseph I",
      title          = "{Quark - gluon plasma in the early universe}",
      booktitle      = "{Phase transitions in the early universe: Theory and
                        observations. Proceedings, NATO ASI, International School
                        of Astrophysics 'Daniel Chalonge', 8th Course dedicated to
                        Andrei D. Sakharov, Erice, Italy, December 6-17, 2000}",
      year           = "2000",
      pages          = "103-121",
      eprint         = "astro-ph/0101516",
      archivePrefix  = "arXiv",
      primaryClass   = "astro-ph",
      SLACcitation   = "%%CITATION = ASTRO-PH/0101516;%%"
}

@inproceedings{Kovalenko:2016qmy,
      author         = "Kovalenko, Alexander and others",
      title          = "{Nuclotron at JINR: Operation Experience and Recent
                        Development}",
      booktitle      = "{Proceedings, 13th Heavy Ion Accelerator Technology
                        Conference (HIAT2015): Yokohama, Japan, September 7-11,
                        2015}",
      year           = "2016",
      pages          = "MOPA19",
      doi            = "10.18429/JACoW-HIAT2015-MOPA19",
      SLACcitation   = "%%CITATION = INSPIRE-1480533;%%"
}

@inproceedings{Malakhov:2013zjq,
      author         = "Malakhov, A. I.",
      title          = "{The Main Physical Results at the Dubna
                        Synchrophasotron}",
      booktitle      = "{Proceedings, 11th International Workshop Relativistic
                        Nuclear Physics: from Hundreds of MeV to TeV: Stara Lesna,
                        Slovak Republik, June 17-23, 2012}",
      year           = "2013",
      pages          = "6",
      SLACcitation   = "%%CITATION = INSPIRE-1452612;%%"
}

@inproceedings{Noronha-Hostler:2016opk,
      author         = "Noronha-Hostler, Jacquelyn",
      title          = "{Resolving the $R_{AA}$ to $v_n$ puzzle}",
      booktitle      = "{8th International Conference on Hard and Electromagnetic
                        Probes of High-energy Nuclear Collisions: Hard Probes 2016
                        (HP2016) Wuhan, Hubei, China, September 23-27, 2016}",
      year           = "2016",
      eprint         = "1612.00892",
      archivePrefix  = "arXiv",
      primaryClass   = "nucl-th",
      SLACcitation   = "%%CITATION = ARXIV:1612.00892;%%"
}

@inproceedings{Pang:1992fg,
      author         = "Pang, Y. and Schlagel, T. J. and Kahana, S. H.",
      title          = "{Cascade calculation of Au + Au collisions at
                        11.7-GeV/c}",
      booktitle      = "{1992 Meeting of the Division of Nuclear Physics of the
                        American Physical Society (Preceded by 2 Workshops both on
                        Oct 14: New Vistas in Physics with High-energy Pion Beams
                        and Neutrons - Their Use for Nuclear Physics and
                        Fundamental Symmetry Tests) Santa Fe, New Mexico, October
                        15-17, 1992}",
      year           = "1992",
      reportNumber   = "BNL-48404, C92-10-15",
      SLACcitation   = "%%CITATION = BNL-48404;%%"
}

@inproceedings{Stroth:2017blf,
      author         = "Stroth, Joachim",
      title          = "{Status and Plans of HADES}",
      booktitle      = "{Workshop on Excited Hyperons in QCD Thermodynamics at
                        Freeze-Out (YSTAR2016) Mini-Proceedings}",
      year           = "2017",
      pages          = "68-78",
      SLACcitation   = "%%CITATION = INSPIRE-1511545;%%"
}

@phdthesis{Weil:2013mya,
      author         = "Weil, Janus",
      title          = "{Vector Mesons in Medium in a Transport Approach}",
      school         = "Giessen U.",
      year           = "2013",
      url            = "http://geb.uni-giessen.de/geb/volltexte/2013/10253/",
      SLACcitation   = "%%CITATION = INSPIRE-1358044;%%"
}

@article{Lisa:2005dd,
      author         = "Lisa, Michael Annan and Pratt, Scott and Soltz, Ron and
                        Wiedemann, Urs",
      title          = "{Femtoscopy in relativistic heavy ion collisions}",
      journal        = "Ann. Rev. Nucl. Part. Sci.",
      volume         = "55",
      year           = "2005",
      pages          = "357-402",
      doi            = "10.1146/annurev.nucl.55.090704.151533",
      eprint         = "nucl-ex/0505014",
      archivePrefix  = "arXiv",
      primaryClass   = "nucl-ex",
      SLACcitation   = "%%CITATION = NUCL-EX/0505014;%%"
}

@article{Dmitriev:2012ha,
      author         = "Dmitriev, V. F. and Flambaum, V. V.",
      title          = "{Decays of Fourth Generation Bound States}",
      journal        = "Int. J. Mod. Phys.",
      volume         = "A27",
      year           = "2012",
      pages          = "1250179",
      doi            = "10.1142/S0217751X12501795",
      eprint         = "1208.5634",
      archivePrefix  = "arXiv",
      primaryClass   = "hep-ph",
      SLACcitation   = "%%CITATION = ARXIV:1208.5634;%%"
}

@article{Froissart:1961ux,
      author         = "Froissart, Marcel",
      title          = "{Asymptotic behavior and subtractions in the Mandelstam
                        representation}",
      journal        = "Phys. Rev.",
      volume         = "123",
      year           = "1961",
      pages          = "1053-1057",
      doi            = "10.1103/PhysRev.123.1053",
      SLACcitation   = "%%CITATION = PHRVA,123,1053;%%"
}

@article{Oliinychenko:2014ava,
      author         = "Oliinychenko, D. and Huovinen, P. and Petersen, H.",
      title          = "{Cooper-Frye Negative Contributions in a Coarse-Grained
                        Transport Approach}",
      booktitle      = "{Proceedings, 3rd FAIR Next generation ScientistS
                        (FAIRNESS 2014): Vietri sul Mare, Italy, September 22-27,
                        2014}",
      journal        = "J. Phys. Conf. Ser.",
      volume         = "599",
      year           = "2015",
      number         = "1",
      pages          = "012017",
      doi            = "10.1088/1742-6596/599/1/012017",
      eprint         = "1412.2020",
      archivePrefix  = "arXiv",
      primaryClass   = "nucl-th",
      SLACcitation   = "%%CITATION = ARXIV:1412.2020;%%"
}

@article{Petersen:2015pcy,
      author         = "Petersen, Hannah and Oliinychenko, Dmytro and
                        Steinheimer, Jan and Bleicher, Marcus",
      title          = "{Influence of kinematic cuts on the net charge
                        distribution}",
      booktitle      = "{Proceedings, 25th International Conference on
                        Ultra-Relativistic Nucleus-Nucleus Collisions (Quark
                        Matter 2015): Kobe, Japan, September 27-October 3, 2015}",
      journal        = "Nucl. Phys.",
      volume         = "A956",
      year           = "2016",
      pages          = "336-339",
      doi            = "10.1016/j.nuclphysa.2016.01.059",
      eprint         = "1512.05603",
      archivePrefix  = "arXiv",
      primaryClass   = "nucl-th",
      SLACcitation   = "%%CITATION = ARXIV:1512.05603;%%"
}

@article{Aaij:2015tga,
      author         = "Aaij, Roel and others",
      title          = "{Observation of $J/\psi p$ Resonances Consistent with
                        Pentaquark States in $\Lambda_b^0 \to J/\psi K^- p$
                        Decays}",
      collaboration  = "LHCb",
      journal        = "Phys. Rev. Lett.",
      volume         = "115",
      year           = "2015",
      pages          = "072001",
      doi            = "10.1103/PhysRevLett.115.072001",
      eprint         = "1507.03414",
      archivePrefix  = "arXiv",
      primaryClass   = "hep-ex",
      reportNumber   = "CERN-PH-EP-2015-153, LHCB-PAPER-2015-029",
      SLACcitation   = "%%CITATION = ARXIV:1507.03414;%%"
}

@article{Bruno:2017lta,
      author         = "Bruno, M. and Dalla Brida, M. and Fritzsch, P. and
                        Korzec, T. and Ramos, A. and Schaefer, S. and Simma, H.
                        and Sint, S. and Sommer, R.",
      title          = "{The $\Lambda$-parameter in 3-flavour QCD and
                        $\alpha_s(m_Z)$ by the ALPHA collaboration}",
      booktitle      = "{Proceedings, 34th International Symposium on Lattice
                        Field Theory (Lattice 2016): Southampton, UK, July 24-30,
                        2016}",
      journal        = "PoS",
      volume         = "LATTICE2016",
      year           = "2016",
      pages          = "197",
      eprint         = "1701.03075",
      archivePrefix  = "arXiv",
      primaryClass   = "hep-lat",
      reportNumber   = "CERN-TH-2016-262, DESY-17-007",
      SLACcitation   = "%%CITATION = ARXIV:1701.03075;%%"
}

@article{Borsanyi:2014rza,
      author         = "Borsanyi, Szabolcs and Fodor, Zoltan and Hoelbling,
                        Christian and Katz, Sandor D. and Krieg, Stefan and
                        Ratti, Claudia and Szabo, Kalman K.",
      title          = "{Recent results on the Equation of State of QCD}",
      booktitle      = "{Proceedings, 32nd International Symposium on Lattice
                        Field Theory (Lattice 2014): Brookhaven, NY, USA, June
                        23-28, 2014}",
      journal        = "PoS",
      volume         = "LATTICE2014",
      year           = "2015",
      pages          = "224",
      eprint         = "1410.7917",
      archivePrefix  = "arXiv",
      primaryClass   = "hep-lat",
      SLACcitation   = "%%CITATION = ARXIV:1410.7917;%%"
}

@inproceedings{Shen:2017ruz,
      author         = "Shen, Chun and Denicol, Gabriel and Gale, Charles and
                        Jeon, Sangyong and Monnai, Akihiko and Schenke, Bjoern",
      title          = "{A hybrid approach to relativistic heavy-ion collisions
                        at the RHIC BES energies}",
      booktitle      = "{26th International Conference on Ultrarelativistic
                        Nucleus-Nucleus Collisions (Quark Matter 2017)
                        Chicago, Illinois, USA, February 6-11, 2017}",
      year           = "2017",
      eprint         = "1704.04109",
      archivePrefix  = "arXiv",
      primaryClass   = "nucl-th",
      SLACcitation   = "%%CITATION = ARXIV:1704.04109;%%"
}

@article{Oliinychenko:2017qct,
      author         = "Oliinychenko, Dmytro and Petersen, Hannah",
      title          = "{Effective dynamical coupling of hydrodynamics and
                        transport for heavy-ion collisions}",
      booktitle      = "{Proceedings, Hot Quarks 2016: Workshop for Young
                        Scientists on the Physics of Ultrarelativistic
                        Nucleus-Nucleus Collisions (HQ2016): South Padre Island,
                        Texas, September 12-17, 2016}",
      journal        = "J. Phys. Conf. Ser.",
      volume         = "832",
      year           = "2017",
      number         = "1",
      pages          = "012052",
      doi            = "10.1088/1742-6596/832/1/012052",
      SLACcitation   = "%%CITATION = 00462,832,012052;%%"
}

@article{Cassing:1999mh,
      author         = "Cassing, W. and Juchem, S.",
      title          = "{Semiclassical transport of hadrons with dynamical
                        spectral functions in A + A collisions at SIS / AGS
                        energies}",
      journal        = "Nucl. Phys.",
      volume         = "A672",
      year           = "2000",
      pages          = "417-445",
      doi            = "10.1016/S0375-9474(00)00050-6",
      eprint         = "nucl-th/9910052",
      archivePrefix  = "arXiv",
      primaryClass   = "nucl-th",
      SLACcitation   = "%%CITATION = NUCL-TH/9910052;%%"
}
