% This file was created with JabRef 2.10b2.
% Encoding: UTF-8

@book{standard_model,
  Author = {W. N. Cottingham and D. A. Greenwood},
  Title = {An Introduction to the Standard Model of Particle Physics},
  Publisher = {Cambridge University Press},
  Year = {2007},
  ISBN = {0521852498},
}

@book{satz2012extreme,
  title                    = {Extreme States of Matter in Strong Interaction Physics: An Introduction},
  author                   = {Satz, H.},
  isbn                     = {9783642239083},
  series                   = {Lecture Notes in Physics},
  year                     = {2012},
  publisher                = {Springer Berlin Heidelberg}
}

@book{cbm_physics_book,
  title                    = {The CBM Physics Book: Compressed Baryonic Matter in Laboratory Experiments},
  author                   = {Friman, B. and H{\"o}hne, C. and Knoll, J. and Leupold, S. and Randrup, J. and Rapp, R. and Senger, P.},
  isbn                     = {9783642132926},
  lccn                     = {2010935525},
  series                   = {Lecture Notes in Physics},
  year                     = {2011},
  publisher                = {Springer Berlin Heidelberg}
}


@Article{LaBoer,
  Title                    = {{NUMERICAL DATA AND FUNCTIONAL RELATIONSHIPS IN SCIENCE AND TECHNOLOGY. GRP. 1: NUCLEAR AND PARTICLE PHYSICS. VOL. 12: TOTAL CROSS-SECTIONS FOR REACTIONS OF HIGH-ENERGY PARTICLES (INCLUDING ELASTIC, TOPOLOGICAL, INCLUSIVE AND EXCLUSIVE REACTIONS). SUBVOL}},
  Author                   = {Baldini, A.},
  Journal                  = {Landolt-Boernstein. New Series, 1/12B},
  Year                     = {1988},

  Editor                   = {Flaminio, V. and Moorhead, W. G. and Morrison, Douglas R. O. and Schopper, H.},
  Slaccitation             = {%%CITATION = INSPIRE-268732;%%}
}

@Book{BlaWei,
  Title                    = {Theoretical Nuclear Physics},
  Author                   = {Blatt, J. M. and Weisskopf, V. F.},
  Publisher                = {Wiley},
  Year                     = {1958}
}

@Book{LL_hydro,
  Title                    = {Fluid Mechanics},
  Author                   = {Landau, L. D. and Lifshitz, E. M.},
  Publisher                = {Pergamon Press},
  Year                     = {1959}
}

@Book{Lifsh10,
  Title                    = {Physical kinetics},
  Author                   = {Lifshitz, E. M. and Pitaevskiy, L. P.},
  Publisher                = {Pergamon Press},
  Year                     = {1981},

  Paragraph                = {§58}
}

@Book{Lifsh4,
  Title                    = {Quantum Electrodynamics},
  Author                   = {Berestetskii, V. B. and Lifshitz, E. M. and Pitaevskiy, L. P.},
  Publisher                = {Pergamon Press},
  Year                     = {1982},

  Paragraph                = {§64}
}

@Book{LL_ED,
  Title                    = {Field theory},
  Author                   = {L. D. Landau and E. M. Lifshitz},
  Publisher                = {Pergamon Press},
  Year                     = {1959}
  Volume                   = {2}
  Paragraph                = {§33}
}

@Book{Lifsh2,
  Title                    = {The Classical Theory of Fields},
  Author                   = {L. D. Landau and E. M. Lifshitz},
  Publisher                = {Pergamon Press},
  Year                     = {1971},

  Paragraph                = {§12}
}

@Book{Sachs_time_reversal,
  Title                    = {The Physics of Time Reversal},
  Author                   = {Sachs, R. G.},
  Publisher                = {The University of Chicago Press},
  Year                     = {1987},

  Paragraph                = {§4.6}
}

@article{Sutherland:2015,
  Title                    = {Energy-momentum tensor for a field and particle in interaction},
  Journal                  = {arXiv:1509.00001},
  Author                   = {Sutherland},
  Year                     = {2015},
}

@online{thesis_Effenberger,
  Title                    = {Eigenschaften von Hadronen in Kernmaterie in einem vereinheitlichten Transportmodell, Ph.D. Thesis, Justus-Liebig-Universitaet Giessen},
  Author                   = {Effenberger, M.},
  Year                     = {1999},
  Url                      = {http://www.uni-giessen.de/fbz/fb07/fachgebiete/physik/einrichtungen/theorie/inst/theses/dissertation/previous/effenberger_diss},
}

@Book{Ryan,
  Title                    = {{Proton - proton differential cross section from 600 MeV/c to 1800 MeV/c}},
  Author                   = {Ryan, B. A. and Kanofsky, A. and Devlin, T. J. and Mischke, R. E. and Shepard, P. F.},
  Year                     = {1969},

  Reportnumber             = {PPAR-11},
  Slaccitation             = {%%CITATION = PPAR-11;%%}
}

@Book{de_Groot,
  Title                    = {Relativistic Kinetic Theory},
  Author                   = {De Groot, S. R. and Van Leeuwen, W. A. and Van Weert, C. G. },
  Publisher                = {North-Holland Publishing Company},
  Year                     = {1980}
}

@Unpublished{dileptons_to_be,
  Author                   = {Staudenmaier, J. and others},
  Note                     = {in preparation}
}

@Article{Tiwari:2009,
  Title                    = {A particle–particle hybrid method for kinetic and continuum equations },
  Author                   = {S. Tiwari, A. Klar and S. Hardt},
  Journal                  = {Journal of Computational Physics },
  Year                     = {2009},
  Number                   = {18},
  Pages                    = {7109 - 7124},
  Volume                   = {228},
  Doi                      = {http://dx.doi.org/10.1016/j.jcp.2009.06.019},
  ISSN                     = {0021-9991},
}

@Article{Tuckmantel:2010,
  Title                    = {Three-Dimensional Relativistic Particle-in-Cell Hybrid Code Based on an Exponential Integrator},
  Author                   = {T. Tuckmantel and A. Pukhov and J. Liljo and M. Hochbruck},
  Journal                  = {IEEE Transactions on Plasma Science},
  Year                     = {2010},
  Volume                   = {38},
  Number                   = {9},
  Pages                    = {2383-2389},
  Doi                      = {10.1109/TPS.2010.2056706},
  ISSN                     = {0093-3813}
}

@Article{Harlow:1976,
  Title                    = {Three-Dimensional Relativistic Particle-in-Cell Hybrid Code Based on an Exponential Integrator},
  Author                   = {F.H. Harlow, A.A. Amsden and J.R. Nix},
  Journal                  = {J. Comp. Phys.},
  Year                     = {1976},
  Volume                   = {20},
  Pages                    = {119},
  Doi                      = {10.1016/0021-9991(76)90058-9},
}

@Article{Yuan2000,
      author         = "Yuan, Lin and Kalbfleisch, John D.",
      title          = "{On the Bessel Distribution and Related Problems}",
      journal        = "Annals of the Institute of Statistical Mathematics",
      year           = "2000",
      volume         = "52",
      number         = "3",
      pages          = "438--447",
      issn           = "1572-9052",
      doi            = "10.1023/A:1004152916478"
}

@Article{Devroye2001,
      author         = "Devroye, Luc",
      title          = "{Simulating  Bessel  random  variables}",
      journal        = "Statistics  and  Probability  Letters",
      year           = "2002",
      volume         = "57",
      number         = "3",
      pages          = "249--257",
      doi            = "10.1016/S0167-7152(02)00055-X"
}

@Online{AGS_exp,
  Url                      = {https://www.osti.gov/scitech/servlets/purl/6955779}
}

@Online{doxygen,
  Url                      = {http://www.doxygen.org}
}

@Online{git,
  Url                      = {https://git-scm.com}
}

@Online{gpl,
  Url                      = {http://www.gnu.org/licenses/gpl.html}
}

@Online{OSCAR1997,
  Url                      = {https://karman.physics.purdue.edu/OSCAR}
}

@Online{OSCAR2013,
  Url                      = {http://phy.duke.edu/~jeb65/oscar2013}
}

@Online{redmine,
  Url                      = {https://www.redmine.org}
}

@Online{RHIC_lumi,
  Url                      = {http://www.rhichome.bnl.gov/RHIC/Runs/}
}

@Online{ROOT,
  Url                      = {https://root.cern.ch}
}

@Online{VTK,
  Url                      = {http://www.paraview.org}
}

@Online{elementary_particles_wiki,
  Url                      = {https://commons.wikimedia.org/wiki/File:Standard_Model_of_Elementary_Particles.svg}
}

@Online{chun_shen,
  Url                      = {https://indico.cern.ch/event/433345/contributions/2358292/attachments/1408164/2152585/hybrid_approach_RHIC_BES_ChunSHEN.pdf}
}
